%% This BibTeX bibliography file was created using BibDesk.
%% http://bibdesk.sourceforge.net/

%% Created for Lewis Tseng at 2018-09-07 19:36:18 -0400 


%% Saved with string encoding Unicode (UTF-8) 



@misc{cockroachDB,
	Date-Added = {2018-09-07 23:35:37 +0000},
	Date-Modified = {2018-09-07 23:36:16 +0000},
	Howpublished = {https://www.cockroachlabs.com/},
	Title = {cockroachDB}}

@inproceedings{CMU_Lazy,
	Author = {Abd-El-Malek, Michael and Ganger, Gregory R. and Reiter, Michael K. and Wylie, Jay J. and Goodson, Garth R.},
	Booktitle = {SRDS},
	Pages = {179-190},
	Publisher = {IEEE Computer Society},
	Title = {Lazy Verification in Fault-Tolerant Distributed Storage Systems.},
	Year = {2005}}

@inproceedings{Regenerating_Code,
	Added-At = {2013-02-20T00:00:00.000+0100},
	Author = {Chen, Henry C. H. and Lee, Patrick P. C.},
	Biburl = {http://www.bibsonomy.org/bibtex/2429c0db4b643b9ce69660c4c5e008600/dblp},
	Booktitle = {SRDS},
	Crossref = {conf/srds/2012},
	Ee = {http://dx.doi.org/10.1109/SRDS.2012.24},
	Interhash = {b1b9250c9d2f176fd848c2327c8bfb2b},
	Intrahash = {429c0db4b643b9ce69660c4c5e008600},
	Isbn = {978-1-4673-2397-0},
	Keywords = {dblp},
	Pages = {51-60},
	Publisher = {IEEE},
	Timestamp = {2013-02-20T00:00:00.000+0100},
	Title = {Enabling Data Integrity Protection in Regenerating-Coding-Based Cloud Storage.},
	Url = {http://dblp.uni-trier.de/db/conf/srds/srds2012.html#ChenL12},
	Year = {2012},
	Bdsk-Url-1 = {http://dblp.uni-trier.de/db/conf/srds/srds2012.html#ChenL12}}

@inproceedings{Byzantine_paxos,
	Added-At = {2011-10-20T00:00:00.000+0200},
	Author = {Lamport, Leslie},
	Biburl = {http://www.bibsonomy.org/bibtex/2b20517501962d728c5fac5fb9f041919/dblp},
	Booktitle = {DISC},
	Crossref = {conf/wdag/2011},
	Editor = {Peleg, David},
	Ee = {http://dx.doi.org/10.1007/978-3-642-24100-0_10},
	Interhash = {465cb7f3f6d13fcda0522017dc09f499},
	Intrahash = {b20517501962d728c5fac5fb9f041919},
	Isbn = {978-3-642-24099-7},
	Keywords = {dblp},
	Pages = {141-142},
	Publisher = {Springer},
	Series = {Lecture Notes in Computer Science},
	Timestamp = {2011-10-20T00:00:00.000+0200},
	Title = {Brief Announcement: Leaderless Byzantine Paxos.},
	Url = {http://dblp.uni-trier.de/db/conf/wdag/disc2011.html#Lamport11},
	Volume = {6950},
	Year = {2011},
	Bdsk-Url-1 = {http://dblp.uni-trier.de/db/conf/wdag/disc2011.html#Lamport11}}

@inproceedings{Prophecy,
	Author = {Sen, Siddhartha and Lloyd, Wyatt and Freedman, Michael J.},
	Booktitle = {NSDI},
	Pages = {345-360},
	Publisher = {USENIX Association},
	Title = {Prophecy: Using History for High-Throughput Fault Tolerance.},
	Year = {2010}}

@inproceedings{QU,
	Acmid = {1095817},
	Address = {New York, NY, USA},
	Author = {Abd-El-Malek, Michael and Ganger, Gregory R. and Goodson, Garth R. and Reiter, Michael K. and Wylie, Jay J.},
	Booktitle = {Proceedings of the Twentieth ACM Symposium on Operating Systems Principles},
	Doi = {10.1145/1095810.1095817},
	Isbn = {1-59593-079-5},
	Keywords = {byzantine fault-tolerance, fault-scalability, quorums, replicated state machines, services},
	Location = {Brighton, United Kingdom},
	Numpages = {16},
	Pages = {59--74},
	Publisher = {ACM},
	Series = {SOSP '05},
	Title = {Fault-scalable Byzantine Fault-tolerant Services},
	Url = {http://doi.acm.org/10.1145/1095810.1095817},
	Year = {2005},
	Bdsk-Url-1 = {http://doi.acm.org/10.1145/1095810.1095817},
	Bdsk-Url-2 = {https://doi.org/10.1145/1095810.1095817}}

@inproceedings{HAT,
	Acmid = {2490507},
	Address = {Berkeley, CA, USA},
	Author = {Bailis, Peter and Fekete, Alan and Ghodsi, Ali and Hellerstein, Joseph M. and Stoica, Ion},
	Booktitle = {Proceedings of the 14th USENIX Conference on Hot Topics in Operating Systems},
	Location = {Santa Ana Pueblo, New Mexcio},
	Numpages = {1},
	Pages = {24--24},
	Publisher = {USENIX Association},
	Series = {HotOS'13},
	Title = {HAT, Not CAP: Towards Highly Available Transactions},
	Url = {http://dl.acm.org/citation.cfm?id=2490483.2490507},
	Year = {2013},
	Bdsk-Url-1 = {http://dl.acm.org/citation.cfm?id=2490483.2490507}}

@inproceedings{Harden,
	Acmid = {2524230},
	Address = {New York, NY, USA},
	Articleno = {4},
	Author = {Behrens, Diogo and Fetzer, Christof and Junqueira, Flavio P. and Serafini, Marco},
	Booktitle = {Proceedings of the 9th Workshop on Hot Topics in Dependable Systems},
	Doi = {10.1145/2524224.2524230},
	Isbn = {978-1-4503-2457-1},
	Keywords = {data corruption, distributed systems, fault-tolerance},
	Location = {Farmington, Pennsylvania},
	Numpages = {6},
	Pages = {4:1--4:6},
	Publisher = {ACM},
	Series = {HotDep '13},
	Title = {Towards Transparent Hardening of Distributed Systems},
	Url = {http://doi.acm.org/10.1145/2524224.2524230},
	Year = {2013},
	Bdsk-Url-1 = {http://doi.acm.org/10.1145/2524224.2524230},
	Bdsk-Url-2 = {https://doi.org/10.1145/2524224.2524230}}

@article{Harden2,
	Address = {Los Alamitos, CA, USA},
	Author = {Diogo Behrens and Stefan Weigert and Christof Fetzer},
	Doi = {http://doi.ieeecomputersociety.org/10.1109/LADC.2013.26},
	Isbn = {978-1-4673-5746-3},
	Journal = {Dependable Computing, Latin-American Symposium on},
	Pages = {114-123},
	Publisher = {IEEE Computer Society},
	Title = {Automatically Tolerating Arbitrary Faults in Non-malicious Settings},
	Volume = {0},
	Year = {2013},
	Bdsk-Url-1 = {http://doi.ieeecomputersociety.org/10.1109/LADC.2013.26}}

@inproceedings{DepSky,
	Acmid = {1966449},
	Address = {New York, NY, USA},
	Author = {Bessani, Alysson and Correia, Miguel and Quaresma, Bruno and Andr{\'e}, Fernando and Sousa, Paulo},
	Booktitle = {Proceedings of the Sixth Conference on Computer Systems},
	Doi = {10.1145/1966445.1966449},
	Isbn = {978-1-4503-0634-8},
	Keywords = {byzantine quorum systems, cloud computing, cloud storage},
	Location = {Salzburg, Austria},
	Numpages = {16},
	Pages = {31--46},
	Publisher = {ACM},
	Series = {EuroSys '11},
	Title = {DepSky: Dependable and Secure Storage in a Cloud-of-clouds},
	Url = {http://doi.acm.org/10.1145/1966445.1966449},
	Year = {2011},
	Bdsk-Url-1 = {http://doi.acm.org/10.1145/1966445.1966449},
	Bdsk-Url-2 = {https://doi.org/10.1145/1966445.1966449}}

@misc{CAP_Brewer,
	Author = {Eric A. Brewer},
	Howpublished = {Principles of Distributed Computing,},
	Month = {July},
	Owner = {lewis},
	Timestamp = {2013.12.11},
	Title = {Towards robust distributed systems. (Invited Talk)},
	Year = {2000}}

@inproceedings{Chubby,
	Acmid = {1298487},
	Address = {Berkeley, CA, USA},
	Author = {Burrows, Mike},
	Booktitle = {Proceedings of the 7th Symposium on Operating Systems Design and Implementation},
	Isbn = {1-931971-47-1},
	Location = {Seattle, Washington},
	Numpages = {16},
	Pages = {335--350},
	Publisher = {USENIX Association},
	Series = {OSDI '06},
	Title = {The Chubby Lock Service for Loosely-coupled Distributed Systems},
	Url = {http://dl.acm.org/citation.cfm?id=1298455.1298487},
	Year = {2006},
	Bdsk-Url-1 = {http://dl.acm.org/citation.cfm?id=1298455.1298487}}

@article{IBM_Storage,
	Author = {Christian Cachin and Dan Dobre and Marko Vukolic},
	Bibsource = {DBLP, http://dblp.uni-trier.de},
	Ee = {http://arxiv.org/abs/1305.4868},
	Journal = {CoRR},
	Title = {BFT Storage with 2t+1 Data Replicas},
	Volume = {abs/1305.4868},
	Year = {2013}}

@techreport{IBM_ICStore,
	Author = {C. Cachin and R. Haas and M. Vukolic},
	Institution = {Research Report RZ 3783, IBM Research},
	Owner = {lewis},
	Timestamp = {2013.12.12},
	Title = {Dependable storage in the Intercloud. Research Report RZ 3783},
	Year = {Aug. 2010}}

@inproceedings{Azure,
	Acmid = {2043571},
	Address = {New York, NY, USA},
	Author = {Calder, Brad and Wang, Ju and Ogus, Aaron and Nilakantan, Niranjan and Skjolsvold, Arild and McKelvie, Sam and Xu, Yikang and Srivastav, Shashwat and Wu, Jiesheng and Simitci, Huseyin and Haridas, Jaidev and Uddaraju, Chakravarthy and Khatri, Hemal and Edwards, Andrew and Bedekar, Vaman and Mainali, Shane and Abbasi, Rafay and Agarwal, Arpit and Haq, Mian Fahim ul and Haq, Muhammad Ikram ul and Bhardwaj, Deepali and Dayanand, Sowmya and Adusumilli, Anitha and McNett, Marvin and Sankaran, Sriram and Manivannan, Kavitha and Rigas, Leonidas},
	Booktitle = {Proceedings of the Twenty-Third ACM Symposium on Operating Systems Principles},
	Doi = {10.1145/2043556.2043571},
	Isbn = {978-1-4503-0977-6},
	Keywords = {Windows Azure, cloud storage, distributed storage systems},
	Location = {Cascais, Portugal},
	Numpages = {15},
	Pages = {143--157},
	Publisher = {ACM},
	Series = {SOSP '11},
	Title = {Windows Azure Storage: A Highly Available Cloud Storage Service with Strong Consistency},
	Url = {http://doi.acm.org/10.1145/2043556.2043571},
	Year = {2011},
	Bdsk-Url-1 = {http://doi.acm.org/10.1145/2043556.2043571},
	Bdsk-Url-2 = {https://doi.org/10.1145/2043556.2043571}}

@inproceedings{PBFT_1999,
	Acmid = {296824},
	Address = {Berkeley, CA, USA},
	Author = {Castro, Miguel and Liskov, Barbara},
	Booktitle = {Proceedings of the Third Symposium on Operating Systems Design and Implementation},
	Isbn = {1-880446-39-1},
	Location = {New Orleans, Louisiana, USA},
	Numpages = {14},
	Pages = {173--186},
	Publisher = {USENIX Association},
	Series = {OSDI '99},
	Title = {Practical Byzantine Fault Tolerance},
	Url = {http://dl.acm.org/citation.cfm?id=296806.296824},
	Year = {1999},
	Bdsk-Url-1 = {http://dl.acm.org/citation.cfm?id=296806.296824}}

@inproceedings{Paxos_Live,
	Acmid = {1281103},
	Address = {New York, NY, USA},
	Author = {Chandra, Tushar D. and Griesemer, Robert and Redstone, Joshua},
	Booktitle = {Proceedings of the Twenty-sixth Annual ACM Symposium on Principles of Distributed Computing},
	Doi = {10.1145/1281100.1281103},
	Isbn = {978-1-59593-616-5},
	Keywords = {Paxos, experiences, fault-tolerance, implementation},
	Location = {Portland, Oregon, USA},
	Numpages = {10},
	Pages = {398--407},
	Publisher = {ACM},
	Series = {PODC '07},
	Title = {Paxos Made Live: An Engineering Perspective},
	Url = {http://doi.acm.org/10.1145/1281100.1281103},
	Year = {2007},
	Bdsk-Url-1 = {http://doi.acm.org/10.1145/1281100.1281103},
	Bdsk-Url-2 = {https://doi.org/10.1145/1281100.1281103}}

@phdthesis{UpRight_thesis,
	Author = {Clement, Allen},
	Owner = {lewis},
	School = {The University of Texas at Austin},
	Timestamp = {2013.12.12},
	Title = {UpRight Fault Tolerance},
	Year = {2010}}

@inproceedings{UpRight,
	Acmid = {1629602},
	Address = {New York, NY, USA},
	Author = {Clement, Allen and Kapritsos, Manos and Lee, Sangmin and Wang, Yang and Alvisi, Lorenzo and Dahlin, Mike and Riche, Taylor},
	Booktitle = {Proceedings of the ACM SIGOPS 22Nd Symposium on Operating Systems Principles},
	Doi = {10.1145/1629575.1629602},
	Isbn = {978-1-60558-752-3},
	Keywords = {byzantine fault tolerance, cluster services, reliability},
	Location = {Big Sky, Montana, USA},
	Numpages = {14},
	Pages = {277--290},
	Publisher = {ACM},
	Series = {SOSP '09},
	Title = {Upright Cluster Services},
	Url = {http://doi.acm.org/10.1145/1629575.1629602},
	Year = {2009},
	Bdsk-Url-1 = {http://doi.acm.org/10.1145/1629575.1629602},
	Bdsk-Url-2 = {https://doi.org/10.1145/1629575.1629602}}

@inproceedings{Aardvark,
	Acmid = {1558988},
	Address = {Berkeley, CA, USA},
	Author = {Clement, Allen and Wong, Edmund and Alvisi, Lorenzo and Dahlin, Mike and Marchetti, Mirco},
	Booktitle = {Proceedings of the 6th USENIX Symposium on Networked Systems Design and Implementation},
	Location = {Boston, Massachusetts},
	Numpages = {16},
	Pages = {153--168},
	Publisher = {USENIX Association},
	Series = {NSDI'09},
	Title = {Making Byzantine Fault Tolerant Systems Tolerate Byzantine Faults},
	Url = {http://dl.acm.org/citation.cfm?id=1558977.1558988},
	Year = {2009},
	Bdsk-Url-1 = {http://dl.acm.org/citation.cfm?id=1558977.1558988}}

@inproceedings{Spanner,
	Acmid = {2387905},
	Address = {Berkeley, CA, USA},
	Author = {Corbett, James C. and Dean, Jeffrey and Epstein, Michael and Fikes, Andrew and Frost, Christopher and Furman, J. J. and Ghemawat, Sanjay and Gubarev, Andrey and Heiser, Christopher and Hochschild, Peter and Hsieh, Wilson and Kanthak, Sebastian and Kogan, Eugene and Li, Hongyi and Lloyd, Alexander and Melnik, Sergey and Mwaura, David and Nagle, David and Quinlan, Sean and Rao, Rajesh and Rolig, Lindsay and Saito, Yasushi and Szymaniak, Michal and Taylor, Christopher and Wang, Ruth and Woodford, Dale},
	Booktitle = {Proceedings of the 10th USENIX Conference on Operating Systems Design and Implementation},
	Isbn = {978-1-931971-96-6},
	Location = {Hollywood, CA, USA},
	Numpages = {14},
	Pages = {251--264},
	Publisher = {USENIX Association},
	Series = {OSDI'12},
	Title = {Spanner: Google's Globally-distributed Database},
	Url = {http://dl.acm.org/citation.cfm?id=2387880.2387905},
	Year = {2012},
	Bdsk-Url-1 = {http://dl.acm.org/citation.cfm?id=2387880.2387905}}

@inproceedings{yahoo_hardening,
	Acmid = {2342862},
	Address = {Berkeley, CA, USA},
	Author = {Correia, Miguel and Ferro, Daniel G\'{o}mez and Junqueira, Flavio P. and Serafini, Marco},
	Booktitle = {Proceedings of the 2012 USENIX Conference on Annual Technical Conference},
	Location = {Boston, MA},
	Numpages = {1},
	Pages = {41--41},
	Publisher = {USENIX Association},
	Series = {USENIX ATC'12},
	Title = {Practical Hardening of Crash-tolerant Systems},
	Url = {http://dl.acm.org/citation.cfm?id=2342821.2342862},
	Year = {2012},
	Bdsk-Url-1 = {http://dl.acm.org/citation.cfm?id=2342821.2342862}}

@inproceedings{HQ,
	Acmid = {1298473},
	Address = {Berkeley, CA, USA},
	Author = {Cowling, James and Myers, Daniel and Liskov, Barbara and Rodrigues, Rodrigo and Shrira, Liuba},
	Booktitle = {Proceedings of the 7th Symposium on Operating Systems Design and Implementation},
	Isbn = {1-931971-47-1},
	Location = {Seattle, Washington},
	Numpages = {14},
	Pages = {177--190},
	Publisher = {USENIX Association},
	Series = {OSDI '06},
	Title = {HQ Replication: A Hybrid Quorum Protocol for Byzantine Fault Tolerance},
	Url = {http://dl.acm.org/citation.cfm?id=1298455.1298473},
	Year = {2006},
	Bdsk-Url-1 = {http://dl.acm.org/citation.cfm?id=1298455.1298473}}

@inproceedings{Dynamo,
	Acmid = {1294281},
	Address = {New York, NY, USA},
	Author = {DeCandia, Giuseppe and Hastorun, Deniz and Jampani, Madan and Kakulapati, Gunavardhan and Lakshman, Avinash and Pilchin, Alex and Sivasubramanian, Swaminathan and Vosshall, Peter and Vogels, Werner},
	Booktitle = {Proceedings of Twenty-first ACM SIGOPS Symposium on Operating Systems Principles},
	Doi = {10.1145/1294261.1294281},
	Isbn = {978-1-59593-591-5},
	Keywords = {performance, reliability, scalability},
	Location = {Stevenson, Washington, USA},
	Numpages = {16},
	Pages = {205--220},
	Publisher = {ACM},
	Series = {SOSP '07},
	Title = {Dynamo: Amazon's Highly Available Key-value Store},
	Url = {http://doi.acm.org/10.1145/1294261.1294281},
	Year = {2007},
	Bdsk-Url-1 = {http://doi.acm.org/10.1145/1294261.1294281},
	Bdsk-Url-2 = {https://doi.org/10.1145/1294261.1294281}}

@inproceedings{middlewareBFT,
	Acmid = {1966456},
	Address = {New York, NY, USA},
	Author = {Garcia, Rui and Rodrigues, Rodrigo and Pregui\c{c}a, Nuno},
	Booktitle = {Proceedings of the Sixth Conference on Computer Systems},
	Doi = {10.1145/1966445.1966456},
	Isbn = {978-1-4503-0634-8},
	Keywords = {byzantine fault-tolerance, databases, middleware},
	Location = {Salzburg, Austria},
	Numpages = {16},
	Pages = {107--122},
	Publisher = {ACM},
	Series = {EuroSys '11},
	Title = {Efficient Middleware for Byzantine Fault Tolerant Database Replication},
	Url = {http://doi.acm.org/10.1145/1966445.1966456},
	Year = {2011},
	Bdsk-Url-1 = {http://doi.acm.org/10.1145/1966445.1966456},
	Bdsk-Url-2 = {https://doi.org/10.1145/1966445.1966456}}

@inproceedings{CAP_proof,
	Author = {Seth Gilbert and Nancy A. Lynch.},
	Booktitle = {SIGACT News},
	Number = {2},
	Owner = {lewis},
	Pages = {51-59},
	Timestamp = {2013.12.11},
	Title = {Brewer's conjecture and the feasibility of consistent, available, partition-tolerant web services.},
	Volume = {33},
	Year = {2002}}

@inproceedings{CMU_Erasure,
	Acmid = {1009729},
	Address = {Washington, DC, USA},
	Author = {Goodson, Garth R. and Wylie, Jay J. and Ganger, Gregory R. and Reiter, Michael K.},
	Booktitle = {Proceedings of the 2004 International Conference on Dependable Systems and Networks},
	Isbn = {0-7695-2052-9},
	Pages = {135--},
	Publisher = {IEEE Computer Society},
	Series = {DSN '04},
	Title = {Efficient Byzantine-Tolerant Erasure-Coded Storage},
	Url = {http://dl.acm.org/citation.cfm?id=1009382.1009729},
	Year = {2004},
	Bdsk-Url-1 = {http://dl.acm.org/citation.cfm?id=1009382.1009729}}

@inproceedings{PeerReview,
	Acmid = {1294279},
	Address = {New York, NY, USA},
	Author = {Haeberlen, Andreas and Kouznetsov, Petr and Druschel, Peter},
	Booktitle = {Proceedings of Twenty-first ACM SIGOPS Symposium on Operating Systems Principles},
	Doi = {10.1145/1294261.1294279},
	Isbn = {978-1-59593-591-5},
	Keywords = {accountability, byzantine faults, distributed systems, fault detection},
	Location = {Stevenson, Washington, USA},
	Numpages = {14},
	Pages = {175--188},
	Publisher = {ACM},
	Series = {SOSP '07},
	Title = {PeerReview: Practical Accountability for Distributed Systems},
	Url = {http://doi.acm.org/10.1145/1294261.1294279},
	Year = {2007},
	Bdsk-Url-1 = {http://doi.acm.org/10.1145/1294261.1294279},
	Bdsk-Url-2 = {https://doi.org/10.1145/1294261.1294279}}

@inproceedings{Detection,
	Acmid = {1251019},
	Address = {Berkeley, CA, USA},
	Author = {Haeberlen, Andreas and Kouznetsov, Petr and Druschel, Peter},
	Booktitle = {Proceedings of the 2Nd Conference on Hot Topics in System Dependability - Volume 2},
	Location = {Seattle, WA},
	Numpages = {1},
	Pages = {5--5},
	Publisher = {USENIX Association},
	Series = {HOTDEP'06},
	Title = {The Case for Byzantine Fault Detection},
	Url = {http://dl.acm.org/citation.cfm?id=1251014.1251019},
	Year = {2006},
	Bdsk-Url-1 = {http://dl.acm.org/citation.cfm?id=1251014.1251019}}

@inproceedings{CMU_Erasure2,
	Acmid = {1294269},
	Address = {New York, NY, USA},
	Author = {Hendricks, James and Ganger, Gregory R. and Reiter, Michael K.},
	Booktitle = {Proceedings of Twenty-first ACM SIGOPS Symposium on Operating Systems Principles},
	Doi = {10.1145/1294261.1294269},
	Isbn = {978-1-59593-591-5},
	Keywords = {byzantine fault-tolerant storage},
	Location = {Stevenson, Washington, USA},
	Numpages = {14},
	Pages = {73--86},
	Publisher = {ACM},
	Series = {SOSP '07},
	Title = {Low-overhead Byzantine Fault-tolerant Storage},
	Url = {http://doi.acm.org/10.1145/1294261.1294269},
	Year = {2007},
	Bdsk-Url-1 = {http://doi.acm.org/10.1145/1294261.1294269},
	Bdsk-Url-2 = {https://doi.org/10.1145/1294261.1294269}}

@inproceedings{Nysiad,
	Author = {Chi Ho and Robbert Van Renesse and Mark Bickford and Danny Dolev},
	Booktitle = {Proceedings of the tth USENIX Symposium on Networked Systems Design and Implementation},
	Title = {Nysiad: Practical protocol transformation to tolerate byzantine failures},
	Year = {2008}}

@inproceedings{NCCloud,
	Acmid = {2208482},
	Address = {Berkeley, CA, USA},
	Author = {Hu, Yuchong and Chen, Henry C. H. and Lee, Patrick P. C. and Tang, Yang},
	Booktitle = {Proceedings of the 10th USENIX Conference on File and Storage Technologies},
	Location = {San Jose, CA},
	Numpages = {1},
	Pages = {21--21},
	Publisher = {USENIX Association},
	Series = {FAST'12},
	Title = {NCCloud: Applying Network Coding for the Storage Repair in a Cloud-of-clouds},
	Url = {http://dl.acm.org/citation.cfm?id=2208461.2208482},
	Year = {2012},
	Bdsk-Url-1 = {http://dl.acm.org/citation.cfm?id=2208461.2208482}}

@inproceedings{ZooKeeper,
	Acmid = {1855851},
	Address = {Berkeley, CA, USA},
	Author = {Hunt, Patrick and Konar, Mahadev and Junqueira, Flavio P. and Reed, Benjamin},
	Booktitle = {Proceedings of the 2010 USENIX Conference on USENIX Annual Technical Conference},
	Location = {Boston, MA},
	Numpages = {1},
	Pages = {11--11},
	Publisher = {USENIX Association},
	Series = {USENIXATC'10},
	Title = {ZooKeeper: Wait-free Coordination for Internet-scale Systems},
	Url = {http://dl.acm.org/citation.cfm?id=1855840.1855851},
	Year = {2010},
	Bdsk-Url-1 = {http://dl.acm.org/citation.cfm?id=1855840.1855851}}

@inproceedings{CheapBFT,
	Acmid = {2168866},
	Address = {New York, NY, USA},
	Author = {Kapitza, R\"{u}diger and Behl, Johannes and Cachin, Christian and Distler, Tobias and Kuhnle, Simon and Mohammadi, Seyed Vahid and Schr\"{o}der-Preikschat, Wolfgang and Stengel, Klaus},
	Booktitle = {Proceedings of the 7th ACM European Conference on Computer Systems},
	Doi = {10.1145/2168836.2168866},
	Isbn = {978-1-4503-1223-3},
	Keywords = {byzantine failures, resource efficiency},
	Location = {Bern, Switzerland},
	Numpages = {14},
	Pages = {295--308},
	Publisher = {ACM},
	Series = {EuroSys '12},
	Title = {CheapBFT: Resource-efficient Byzantine Fault Tolerance},
	Url = {http://doi.acm.org/10.1145/2168836.2168866},
	Year = {2012},
	Bdsk-Url-1 = {http://doi.acm.org/10.1145/2168836.2168866},
	Bdsk-Url-2 = {https://doi.org/10.1145/2168836.2168866}}

@inproceedings{Eve,
	Acmid = {2387903},
	Address = {Berkeley, CA, USA},
	Author = {Kapritsos, Manos and Wang, Yang and Quema, Vivien and Clement, Allen and Alvisi, Lorenzo and Dahlin, Mike},
	Booktitle = {Proceedings of the 10th USENIX Conference on Operating Systems Design and Implementation},
	Isbn = {978-1-931971-96-6},
	Location = {Hollywood, CA, USA},
	Numpages = {14},
	Pages = {237--250},
	Publisher = {USENIX Association},
	Series = {OSDI'12},
	Title = {All About Eve: Execute-verify Replication for Multi-core Servers},
	Url = {http://dl.acm.org/citation.cfm?id=2387880.2387903},
	Year = {2012},
	Bdsk-Url-1 = {http://dl.acm.org/citation.cfm?id=2387880.2387903}}

@inproceedings{Zyzzyva,
	Acmid = {1294267},
	Address = {New York, NY, USA},
	Author = {Kotla, Ramakrishna and Alvisi, Lorenzo and Dahlin, Mike and Clement, Allen and Wong, Edmund},
	Booktitle = {Proceedings of Twenty-first ACM SIGOPS Symposium on Operating Systems Principles},
	Doi = {10.1145/1294261.1294267},
	Isbn = {978-1-59593-591-5},
	Keywords = {byzantine fault tolerance, output commit, replication, speculative execution},
	Location = {Stevenson, Washington, USA},
	Numpages = {14},
	Pages = {45--58},
	Publisher = {ACM},
	Series = {SOSP '07},
	Title = {Zyzzyva: Speculative Byzantine Fault Tolerance},
	Url = {http://doi.acm.org/10.1145/1294261.1294267},
	Year = {2007},
	Bdsk-Url-1 = {http://doi.acm.org/10.1145/1294261.1294267},
	Bdsk-Url-2 = {https://doi.org/10.1145/1294261.1294267}}

@article{fast_paxos,
	Added-At = {2007-02-08T00:00:00.000+0100},
	Author = {Lamport, Leslie},
	Biburl = {http://www.bibsonomy.org/bibtex/2fb9d7923dfbf59a3eb8ac8bfe82d39b4/dblp},
	Date = {2007-02-08},
	Description = {dblp},
	Ee = {http://dx.doi.org/10.1007/s00446-006-0005-x},
	Interhash = {348f8e53337395e474f8a571c4d01400},
	Intrahash = {fb9d7923dfbf59a3eb8ac8bfe82d39b4},
	Journal = {Distributed Computing},
	Keywords = {dblp},
	Number = {2},
	Pages = {79-103},
	Timestamp = {2007-02-08T00:00:00.000+0100},
	Title = {Fast Paxos},
	Url = {http://dblp.uni-trier.de/db/journals/dc/dc19.html#Lamport06},
	Volume = {19},
	Year = {2006},
	Bdsk-Url-1 = {http://dblp.uni-trier.de/db/journals/dc/dc19.html#Lamport06}}

@article{paxos_Simple,
	Author = {Lesile Lamport},
	Journal = {ACM SIGACT News},
	Month = {Dec},
	Number = {4},
	Owner = {lewis},
	Pages = {18-25},
	Timestamp = {2013.11.15},
	Title = {Paxos Made Simple},
	Volume = {32},
	Year = {2001}}

@article{paxos,
	Acmid = {279229},
	Address = {New York, NY, USA},
	Author = {Lamport, Leslie},
	Doi = {10.1145/279227.279229},
	Issn = {0734-2071},
	Issue_Date = {May 1998},
	Journal = {ACM Trans. Comput. Syst.},
	Keywords = {state machines, three-phase commit, voting},
	Month = may,
	Number = {2},
	Numpages = {37},
	Pages = {133--169},
	Publisher = {ACM},
	Title = {The Part-time Parliament},
	Url = {http://doi.acm.org/10.1145/279227.279229},
	Volume = {16},
	Year = {1998},
	Bdsk-Url-1 = {http://doi.acm.org/10.1145/279227.279229},
	Bdsk-Url-2 = {https://doi.org/10.1145/279227.279229}}

@inproceedings{Red_Blue,
	Acmid = {2387906},
	Address = {Berkeley, CA, USA},
	Author = {Li, Cheng and Porto, Daniel and Clement, Allen and Gehrke, Johannes and Pregui\c{c}a, Nuno and Rodrigues, Rodrigo},
	Booktitle = {Proceedings of the 10th USENIX Conference on Operating Systems Design and Implementation},
	Isbn = {978-1-931971-96-6},
	Location = {Hollywood, CA, USA},
	Numpages = {14},
	Pages = {265--278},
	Publisher = {USENIX Association},
	Series = {OSDI'12},
	Title = {Making Geo-replicated Systems Fast As Possible, Consistent when Necessary},
	Url = {http://dl.acm.org/citation.cfm?id=2387880.2387906},
	Year = {2012},
	Bdsk-Url-1 = {http://dl.acm.org/citation.cfm?id=2387880.2387906}}

@inproceedings{GRADE,
	Author = {Jingqiang Lin and Bo Luo and Jiwu Jing and Xiaokun Zhang},
	Booktitle = {Reliable Distributed Systems (SRDS), 2012 IEEE 31st Symposium on},
	Doi = {10.1109/SRDS.2012.34},
	Issn = {1060-9857},
	Keywords = {distributed databases;emergency services;failure analysis;fault tolerance;file servers;information dissemination;information retrieval systems;BFT distributed storage system;BQS;BQS storing generic data masking;Byzantine failures;Byzantine quorum systems;Byzantine-fault-tolerant distributed storage system;GRADE server;communication costs;data storage;dissemination BQS storing self-verification;dynamically servers;emergency situations;fault tolerance maintenance;faulty servers;graceful degradation;performance analysis;running-state switch;Fault tolerance;Fault tolerant systems;Frequency modulation;Protocols;Registers;Servers;Switches;Byzantine fault tolerance;Byzantine quorum system;graceful degradation;storage},
	Pages = {171-180},
	Title = {GRADE: Graceful Degradation in Byzantine Quorum Systems},
	Year = {2012},
	Bdsk-Url-1 = {https://doi.org/10.1109/SRDS.2012.34}}

@inproceedings{FaultyClients,
	Author = {Barbara Liskov and Rodrigo Rodrigues},
	Booktitle = {Proceedings of the 26th IEEE International Conference on Distributed Computing Systems},
	Owner = {lewis},
	Timestamp = {2013.11.15},
	Title = {Tolerating Byzantine Faulty Clients in a Quorum System},
	Year = {2006}}

@inproceedings{Causal+,
	Acmid = {2043593},
	Address = {New York, NY, USA},
	Author = {Lloyd, Wyatt and Freedman, Michael J. and Kaminsky, Michael and Andersen, David G.},
	Booktitle = {Proceedings of the Twenty-Third ACM Symposium on Operating Systems Principles},
	Doi = {10.1145/2043556.2043593},
	Isbn = {978-1-4503-0977-6},
	Keywords = {ALPS systems, causal + consistency, key-value storage, read transactions, scalable wide-area replication},
	Location = {Cascais, Portugal},
	Numpages = {16},
	Pages = {401--416},
	Publisher = {ACM},
	Series = {SOSP '11},
	Title = {Don'T Settle for Eventual: Scalable Causal Consistency for Wide-area Storage with COPS},
	Url = {http://doi.acm.org/10.1145/2043556.2043593},
	Year = {2011},
	Bdsk-Url-1 = {http://doi.acm.org/10.1145/2043556.2043593},
	Bdsk-Url-2 = {https://doi.org/10.1145/2043556.2043593}}

@article{Depot,
	Acmid = {2063512},
	Address = {New York, NY, USA},
	Articleno = {12},
	Author = {Mahajan, Prince and Setty, Srinath and Lee, Sangmin and Clement, Allen and Alvisi, Lorenzo and Dahlin, Mike and Walfish, Michael},
	Doi = {10.1145/2063509.2063512},
	Issn = {0734-2071},
	Issue_Date = {December 2011},
	Journal = {ACM Trans. Comput. Syst.},
	Keywords = {Byzantine fault tolerance, Cloud storage, Fork-Join-Causal (FJC) consistency, fork consistency},
	Month = dec,
	Number = {4},
	Numpages = {38},
	Pages = {12:1--12:38},
	Publisher = {ACM},
	Title = {Depot: Cloud Storage with Minimal Trust},
	Url = {http://doi.acm.org/10.1145/2063509.2063512},
	Volume = {29},
	Year = {2011},
	Bdsk-Url-1 = {http://doi.acm.org/10.1145/2063509.2063512},
	Bdsk-Url-2 = {https://doi.org/10.1145/2063509.2063512}}

@inproceedings{Mencius,
	Acmid = {1855767},
	Address = {Berkeley, CA, USA},
	Author = {Mao, Yanhua and Junqueira, Flavio P. and Marzullo, Keith},
	Booktitle = {Proceedings of the 8th USENIX Conference on Operating Systems Design and Implementation},
	Location = {San Diego, California},
	Numpages = {16},
	Pages = {369--384},
	Publisher = {USENIX Association},
	Series = {OSDI'08},
	Title = {Mencius: Building Efficient Replicated State Machines for WANs},
	Url = {http://dl.acm.org/citation.cfm?id=1855741.1855767},
	Year = {2008},
	Bdsk-Url-1 = {http://dl.acm.org/citation.cfm?id=1855741.1855767}}

@article{FastByz,
	Acmid = {1159374},
	Address = {Los Alamitos, CA, USA},
	Author = {Martin, Jean-Philippe and Alvisi, Lorenzo},
	Doi = {10.1109/TDSC.2006.35},
	Issn = {1545-5971},
	Issue_Date = {July 2006},
	Journal = {IEEE Trans. Dependable Secur. Comput.},
	Keywords = {Byzantine fault tolerance, Distributed systems, Distributed systems, Byzantine fault tolerance, consensus., consensus.},
	Month = jul,
	Number = {3},
	Numpages = {14},
	Pages = {202--215},
	Publisher = {IEEE Computer Society Press},
	Title = {Fast Byzantine Consensus},
	Url = {http://dx.doi.org/10.1109/TDSC.2006.35},
	Volume = {3},
	Year = {2006},
	Bdsk-Url-1 = {http://dx.doi.org/10.1109/TDSC.2006.35}}

@inproceedings{ByzProposerFastPaxos,
	Author = {Meling, H. and Marzullo, K. and Mei, A.},
	Booktitle = {Distributed Computing Systems (ICDCS), 2012 IEEE 32nd International Conference on},
	Doi = {10.1109/ICDCS.2012.38},
	Issn = {1063-6927},
	Keywords = {client-server systems;computer network security;fault tolerant computing;protocols;system recovery;Byzantine faulty clients;Byzantine proposer fast Paxos;administrative domain;client request latency;consensus protocol;crash Paxos;crash faulty server;highly available service;hybrid failure model;state machine replication;Computer crashes;Detectors;Law;Proposals;Protocols;Safety;Servers;Byzantine Fault Tolerance;Consensus;Paxos},
	Pages = {193-202},
	Title = {When You Don't Trust Clients: Byzantine Proposer Fast Paxos},
	Year = {2012},
	Bdsk-Url-1 = {https://doi.org/10.1109/ICDCS.2012.38}}

@inproceedings{CMU_paxos,
	Acmid = {2517350},
	Address = {New York, NY, USA},
	Author = {Moraru, Iulian and Andersen, David G. and Kaminsky, Michael},
	Booktitle = {Proceedings of the Twenty-Fourth ACM Symposium on Operating Systems Principles},
	Doi = {10.1145/2517349.2517350},
	Isbn = {978-1-4503-2388-8},
	Location = {Farminton, Pennsylvania},
	Numpages = {15},
	Pages = {358--372},
	Publisher = {ACM},
	Series = {SOSP '13},
	Title = {There is More Consensus in Egalitarian Parliaments},
	Url = {http://doi.acm.org/10.1145/2517349.2517350},
	Year = {2013},
	Bdsk-Url-1 = {http://doi.acm.org/10.1145/2517349.2517350},
	Bdsk-Url-2 = {https://doi.org/10.1145/2517349.2517350}}

@inproceedings{ZaB,
	Acmid = {1529978},
	Address = {New York, NY, USA},
	Articleno = {2},
	Author = {Reed, Benjamin and Junqueira, Flavio P.},
	Booktitle = {Proceedings of the 2Nd Workshop on Large-Scale Distributed Systems and Middleware},
	Doi = {10.1145/1529974.1529978},
	Isbn = {978-1-60558-296-2},
	Location = {Yorktown Heights, New York},
	Numpages = {6},
	Pages = {2:1--2:6},
	Publisher = {ACM},
	Series = {LADIS '08},
	Title = {A Simple Totally Ordered Broadcast Protocol},
	Url = {http://doi.acm.org/10.1145/1529974.1529978},
	Year = {2008},
	Bdsk-Url-1 = {http://doi.acm.org/10.1145/1529974.1529978},
	Bdsk-Url-2 = {https://doi.org/10.1145/1529974.1529978}}

@inproceedings{NotAlwaysLive,
	Acmid = {1323157},
	Address = {Berkeley, CA, USA},
	Articleno = {17},
	Author = {Rodrigues, Rodrigo and Kouznetsov, Petr and Bhattacharjee, Bobby},
	Booktitle = {Proceedings of the 3rd Workshop on on Hot Topics in System Dependability},
	Location = {Edinburgh, UK},
	Publisher = {USENIX Association},
	Series = {HotDep'07},
	Title = {Large-scale Byzantine Fault Tolerance: Safe but Not Always Live},
	Url = {http://dl.acm.org/citation.cfm?id=1323140.1323157},
	Year = {2007},
	Bdsk-Url-1 = {http://dl.acm.org/citation.cfm?id=1323140.1323157}}

@inproceedings{Scrooge,
	Author = {Serafini, M. and Bokor, P. and Dobre, D. and Majuntke, M. and Suri, N.},
	Booktitle = {Dependable Systems and Networks (DSN), 2010 IEEE/IFIP International Conference on},
	Doi = {10.1109/DSN.2010.5544295},
	Keywords = {distributed processing;fault tolerant computing;finite state machines;Byzantine-fault-tolerant state machine replication;Scrooge replication;fast Byzantine agreement;fast Byzantine replication;unresponsive replicas;Computer crashes;Content addressable storage;Costs;Delay;Distributed computing;Fault tolerance;Protocols;Resilience;Throughput},
	Pages = {353-362},
	Title = {Scrooge: Reducing the costs of fast Byzantine replication in presence of unresponsive replicas},
	Year = {2010},
	Bdsk-Url-1 = {https://doi.org/10.1109/DSN.2010.5544295}}

@inproceedings{Zeno,
	Acmid = {1558989},
	Address = {Berkeley, CA, USA},
	Author = {Singh, Atul and Fonseca, Pedro and Kuznetsov, Petr and Rodrigues, Rodrigo and Maniatis, Petros},
	Booktitle = {Proceedings of the 6th USENIX Symposium on Networked Systems Design and Implementation},
	Location = {Boston, Massachusetts},
	Numpages = {16},
	Pages = {169--184},
	Publisher = {USENIX Association},
	Series = {NSDI'09},
	Title = {Zeno: Eventually Consistent Byzantine-fault Tolerance},
	Url = {http://dl.acm.org/citation.cfm?id=1558977.1558989},
	Year = {2009},
	Bdsk-Url-1 = {http://dl.acm.org/citation.cfm?id=1558977.1558989}}

@article{MinBFT,
	Author = {Veronese, G.S. and Correia, M. and Bessani, A.N. and Lau Cheuk Lung and Verissimo, P.},
	Doi = {10.1109/TC.2011.221},
	Issn = {0018-9340},
	Journal = {Computers, IEEE Transactions on},
	Keywords = {fault tolerant computing;finite state machines;BFT algorithms;Castro PBFT;Liskov PBFT;asynchronous Byzantine fault-tolerant state machine replication;commercial trusted hardware;communication steps;crash fault-tolerant replication algorithms;management complexity;nonnegligible communication delays;nonspeculative algorithms;performance evaluation;speculative algorithms;trusted component access overhead;Delay;Fault tolerance;Fault tolerant systems;Hardware;Radiation detectors;Servers;Byzantine fault-tolerance;distributed systems;intrusion tolerance;state machine replication;trusted components},
	Number = {1},
	Pages = {16-30},
	Title = {Efficient Byzantine Fault-Tolerance},
	Volume = {62},
	Year = {2013},
	Bdsk-Url-1 = {https://doi.org/10.1109/TC.2011.221}}

@article{IBM_Intercloud,
	Acmid = {1855137},
	Address = {New York, NY, USA},
	Author = {Vukoli\'{c}, Marko},
	Doi = {10.1145/1855118.1855137},
	Issn = {0163-5700},
	Issue_Date = {September 2010},
	Journal = {SIGACT News},
	Month = sep,
	Number = {3},
	Numpages = {7},
	Pages = {105--111},
	Publisher = {ACM},
	Title = {The Byzantine Empire in the Intercloud},
	Url = {http://doi.acm.org/10.1145/1855118.1855137},
	Volume = {41},
	Year = {2010},
	Bdsk-Url-1 = {http://doi.acm.org/10.1145/1855118.1855137},
	Bdsk-Url-2 = {https://doi.org/10.1145/1855118.1855137}}

@inproceedings{Salus,
	Acmid = {2482661},
	Address = {Berkeley, CA, USA},
	Author = {Wang, Yang and Kapritsos, Manos and Ren, Zuocheng and Mahajan, Prince and Kirubanandam, Jeevitha and Alvisi, Lorenzo and Dahlin, Mike},
	Booktitle = {Proceedings of the 10th USENIX Conference on Networked Systems Design and Implementation},
	Location = {Lombard, IL},
	Numpages = {14},
	Pages = {357--370},
	Publisher = {USENIX Association},
	Series = {nsdi'13},
	Title = {Robustness in the Salus Scalable Block Store},
	Url = {http://dl.acm.org/citation.cfm?id=2482626.2482661},
	Year = {2013},
	Bdsk-Url-1 = {http://dl.acm.org/citation.cfm?id=2482626.2482661}}

@inproceedings{ZZ,
	Acmid = {1966457},
	Address = {New York, NY, USA},
	Author = {Wood, Timothy and Singh, Rahul and Venkataramani, Arun and Shenoy, Prashant and Cecchet, Emmanuel},
	Booktitle = {Proceedings of the Sixth Conference on Computer Systems},
	Doi = {10.1145/1966445.1966457},
	Isbn = {978-1-4503-0634-8},
	Keywords = {byzantine fault tolerance, data centers, virtualization},
	Location = {Salzburg, Austria},
	Numpages = {16},
	Pages = {123--138},
	Publisher = {ACM},
	Series = {EuroSys '11},
	Title = {ZZ and the Art of Practical BFT Execution},
	Url = {http://doi.acm.org/10.1145/1966445.1966457},
	Year = {2011},
	Bdsk-Url-1 = {http://doi.acm.org/10.1145/1966445.1966457},
	Bdsk-Url-2 = {https://doi.org/10.1145/1966445.1966457}}

@inproceedings{Separating,
	Acmid = {945470},
	Address = {New York, NY, USA},
	Author = {Yin, Jian and Martin, Jean-Philippe and Venkataramani, Arun and Alvisi, Lorenzo and Dahlin, Mike},
	Booktitle = {Proceedings of the Nineteenth ACM Symposium on Operating Systems Principles},
	Doi = {10.1145/945445.945470},
	Isbn = {1-58113-757-5},
	Keywords = {byzantine fault tolerance, confidentialiy, reliability, security, state machine replication, trustworthy systems},
	Location = {Bolton Landing, NY, USA},
	Numpages = {15},
	Pages = {253--267},
	Publisher = {ACM},
	Series = {SOSP '03},
	Title = {Separating Agreement from Execution for Byzantine Fault Tolerant Services},
	Url = {http://doi.acm.org/10.1145/945445.945470},
	Year = {2003},
	Bdsk-Url-1 = {http://doi.acm.org/10.1145/945445.945470},
	Bdsk-Url-2 = {https://doi.org/10.1145/945445.945470}}

@misc{Cassandra,
	Howpublished = {http://cassandra.apache.org/},
	Owner = {lewis},
	Timestamp = {2013.11.16},
	Title = {The Apache Cassandra Project.}}

@misc{HBase,
	Howpublished = {http://hbase.apache.org/},
	Owner = {lewis},
	Timestamp = {2013.12.20},
	Title = {Apache HBASE}}

@misc{memcached,
	Howpublished = {http://memcached.org},
	Owner = {lewis},
	Timestamp = {2013.12.28},
	Title = {memcached}}

@misc{EC2,
	Author = {Amazon},
	Title = {Amazon Elastic Compute Cloud (Amazon {EC2}), {\tt http://aws.amazon.com/ec2/}}}

@misc{werner_blog,
	Author = {{Werner Vogels. Blog entry at http://www.allthingsdistributed.com/2008/12/eventually\_consistent.html}},
	Title = {Eventually {Consistent} -- {Revisited}},
	Year = 2008}

@inproceedings{Portokalidis:2010,
	Author = {Portokalidis, Georgios and Keromytis, Angelos D.},
	Booktitle = {Proceedings of the 26th Annual Computer Security Applications Conference},
	Location = {Austin, Texas},
	Pages = {41--48},
	Series = {ACSAC '10},
	Title = {Fast and Practical Instruction-set Randomization for Commodity Systems},
	Year = {2010}}

@inproceedings{TUD-CS-2013-0026,
	Author = {Kevin Z. Snow and Lucas Davi and Alexandra Dmitrienko and Christopher Liebchen and Fabian Monrose and Ahmad-Reza Sadeghi},
	Booktitle = {34th IEEE Symposium on Security and Privacy (Oakland 2013)},
	Title = {Just-In-Time Code Reuse: On the Effectiveness of Fine-Grained Address Space Layout Randomization (Best Student Paper Award)},
	Year = {2013}}

@inproceedings{Kc:2003:CCA:948109.948146,
	Author = {Kc, Gaurav S. and Keromytis, Angelos D. and Prevelakis, Vassilis},
	Booktitle = {Proceedings of the 10th ACM Conference on Computer and Communications Security},
	Isbn = {1-58113-738-9},
	Location = {Washington D.C., USA},
	Numpages = {9},
	Pages = {272--280},
	Series = {CCS '03},
	Title = {Countering Code-injection Attacks with Instruction-set Randomization},
	Year = {2003}}
