%% This BibTeX bibliography file was created using BibDesk.
%% http://bibdesk.sourceforge.net/

%% Created for Lewis Tseng at 2019-04-27 16:08:15 -0400 


%% Saved with string encoding Unicode (UTF-8) 



@misc{Amazon_loss,
	Author = {Yoav Einav},
	Date-Added = {2019-04-27 16:05:30 -0400},
	Date-Modified = {2019-04-27 16:08:15 -0400},
	Howpublished = {\url{https://www.gigaspaces.com/blog/amazon-found-every-100ms-of-latency-cost-them-1-in-sales/}},
	Month = {January},
	Title = {Amazon Found Every 100ms of Latency Cost them 1\% in Sales},
	Year = {2019}}

@article{Bracha_broadcast,
	Author = {Gabriel Bracha and Sam Toueg},
	Bibsource = {dblp computer science bibliography, https://dblp.org},
	Biburl = {https://dblp.org/rec/bib/journals/jacm/BrachaT85},
	Date-Added = {2019-02-17 15:29:05 -0500},
	Date-Modified = {2019-02-17 15:29:12 -0500},
	Doi = {10.1145/4221.214134},
	Journal = {J. {ACM}},
	Number = {4},
	Pages = {824--840},
	Timestamp = {Tue, 06 Nov 2018 12:51:45 +0100},
	Title = {Asynchronous Consensus and Broadcast Protocols},
	Url = {https://doi.org/10.1145/4221.214134},
	Volume = {32},
	Year = {1985},
	Bdsk-Url-1 = {https://doi.org/10.1145/4221.214134}}

@book{Raynal_book18,
	Author = {Michel Raynal},
	Bibsource = {dblp computer science bibliography, https://dblp.org},
	Biburl = {https://dblp.org/rec/bib/books/sp/Raynal18},
	Date-Added = {2019-02-17 14:06:19 -0500},
	Date-Modified = {2019-02-17 14:06:28 -0500},
	Doi = {10.1007/978-3-319-94141-7},
	Isbn = {978-3-319-94140-0},
	Publisher = {Springer},
	Timestamp = {Mon, 10 Sep 2018 12:46:33 +0200},
	Title = {Fault-Tolerant Message-Passing Distributed Systems - An Algorithmic Approach},
	Url = {https://doi.org/10.1007/978-3-319-94141-7},
	Year = {2018},
	Bdsk-Url-1 = {https://doi.org/10.1007/978-3-319-94141-7}}

@inproceedings{Vaidya_delay_causal,
	Author = {Sandeep S. Kulkarni and Nitin H. Vaidya},
	Bibsource = {dblp computer science bibliography, https://dblp.org},
	Biburl = {https://dblp.org/rec/bib/conf/podc/KulkarniV17},
	Booktitle = {Proceedings of the {ACM} Symposium on Principles of Distributed Computing, {PODC} 2017, Washington, DC, USA, July 25-27, 2017},
	Crossref = {DBLP:conf/podc/2017},
	Date-Added = {2018-10-16 02:53:31 +0000},
	Date-Modified = {2018-10-16 02:53:41 +0000},
	Doi = {10.1145/3087801.3087818},
	Pages = {263--272},
	Timestamp = {Fri, 21 Jul 2017 13:32:16 +0200},
	Title = {Effectiveness of Delaying Timestamp Computation},
	Url = {http://doi.acm.org/10.1145/3087801.3087818},
	Year = {2017},
	Bdsk-Url-1 = {http://doi.acm.org/10.1145/3087801.3087818},
	Bdsk-Url-2 = {https://doi.org/10.1145/3087801.3087818}}

@inproceedings{Vaidya_partial,
	Author = {Zhuolun Xiang and Nitin H. Vaidya},
	Bibsource = {dblp computer science bibliography, https://dblp.org},
	Biburl = {https://dblp.org/rec/bib/conf/podc/XiangV18},
	Booktitle = {Proceedings of the 2018 {ACM} Symposium on Principles of Distributed Computing, {PODC} 2018, Egham, United Kingdom, July 23-27, 2018},
	Crossref = {DBLP:conf/podc/2018},
	Date-Added = {2018-10-16 02:51:44 +0000},
	Date-Modified = {2018-10-16 02:51:49 +0000},
	Doi = {10.1145/3212734.3212790},
	Pages = {273--275},
	Timestamp = {Fri, 03 Aug 2018 15:40:14 +0200},
	Title = {Brief Announcement: Partially Replicated Causally Consistent Shared Memory},
	Url = {http://doi.acm.org/10.1145/3212734.3212790},
	Year = {2018},
	Bdsk-Url-1 = {http://doi.acm.org/10.1145/3212734.3212790},
	Bdsk-Url-2 = {https://doi.org/10.1145/3212734.3212790}}

@techreport{Tseng_RCM,
	Author = {Lewis Tseng},
	Date-Added = {2018-10-16 02:36:57 +0000},
	Date-Modified = {2018-10-16 02:37:17 +0000},
	Institution = {Boston College},
	Title = {Resilient Causal Memory in Client-Server Model},
	Year = {2018}}

@book{quorum_vukolic,
	Author = {Marko Vukolic},
	Bibsource = {dblp computer science bibliography, https://dblp.org},
	Biburl = {https://dblp.org/rec/bib/series/synthesis/2012Vukolic},
	Date-Added = {2018-08-31 22:04:06 +0000},
	Date-Modified = {2018-08-31 22:04:13 +0000},
	Doi = {10.2200/S00402ED1V01Y201202DCT009},
	Publisher = {Morgan {\&} Claypool Publishers},
	Series = {Synthesis Lectures on Distributed Computing Theory},
	Timestamp = {Tue, 16 May 2017 14:24:20 +0200},
	Title = {Quorum Systems: With Applications to Storage and Consensus},
	Url = {https://doi.org/10.2200/S00402ED1V01Y201202DCT009},
	Year = {2012},
	Bdsk-Url-1 = {https://doi.org/10.2200/S00402ED1V01Y201202DCT009}}

@inproceedings{swiftcloud,
	Acmid = {2814733},
	Address = {New York, NY, USA},
	Author = {Zawirski, Marek and Pregui\c{c}a, Nuno and Duarte, S{\'e}rgio and Bieniusa, Annette and Balegas, Valter and Shapiro, Marc},
	Booktitle = {Proceedings of the 16th Annual Middleware Conference},
	Date-Added = {2018-08-31 21:39:22 +0000},
	Date-Modified = {2018-08-31 21:39:27 +0000},
	Doi = {10.1145/2814576.2814733},
	Isbn = {978-1-4503-3618-5},
	Keywords = {Causal Consistency, Client-side Storage, Eventual Consistency, Fault Tolerance, Geo-replication},
	Location = {Vancouver, BC, Canada},
	Numpages = {13},
	Pages = {75--87},
	Publisher = {ACM},
	Series = {Middleware '15},
	Title = {Write Fast, Read in the Past: Causal Consistency for Client-Side Applications},
	Url = {http://doi.acm.org/10.1145/2814576.2814733},
	Year = {2015},
	Bdsk-Url-1 = {http://doi.acm.org/10.1145/2814576.2814733},
	Bdsk-Url-2 = {https://doi.org/10.1145/2814576.2814733}}

@techreport{RTCausal_Austin,
	Author = {Prince Mahajan and Lorenzo Alvisi and Mike Dahlin},
	Date-Added = {2018-08-31 19:24:43 +0000},
	Date-Modified = {2018-08-31 19:39:17 +0000},
	Institution = {The University of Texas at Austin},
	Title = {Consistency, Availability, and Convergence},
	Year = {2011}}
