@misc{MininetWebsite,
    title={Mininet},
    howpublished = {\url{http://mininet.org/}},
	note = "[Online; accessed 14-March-2020]"
}

@misc{DBEnginesCassandra,
    title={DB-Engines: Cassandra System Properties},
    howpublished = {\url{https://db-engines.com/en/system/Cassandra}},
	note = "[Online; accessed 14-March-2020]"
}

