%% This BibTeX bibliography file was created using BibDesk.
%% http://bibdesk.sourceforge.net/

%% Created for Lewis Tseng at 2019-04-30 15:49:19 -0400 


%% Saved with string encoding Unicode (UTF-8) 



@techreport{Tseng_ByzCausal,
	Author = {Lewis Tseng and Zezhi Wang and Yajie Zhao},
	Date-Added = {2019-04-30 15:48:32 -0400},
	Date-Modified = {2019-04-30 15:49:12 -0400},
	Institution = {Boston College},
	Title = {Causal Memory in the Presence of Semi-Byzantine Servers},
	Year = {April 2019}}

@inproceedings{Dolev_semiByz_podc15,
	Author = {Shlomi Dolev and Thomas Petig and Elad Michael Schiller},
	Bibsource = {dblp computer science bibliography, https://dblp.org},
	Biburl = {https://dblp.org/rec/bib/conf/podc/DolevPS15},
	Booktitle = {Proceedings of the 2015 {ACM} Symposium on Principles of Distributed Computing, {PODC} 2015, Donostia-San Sebasti{\'{a}}n, Spain, July 21 - 23, 2015},
	Crossref = {DBLP:conf/podc/2015},
	Date-Added = {2019-04-30 14:45:10 -0400},
	Date-Modified = {2019-04-30 14:45:34 -0400},
	Doi = {10.1145/2767386.2767450},
	Pages = {311--313},
	Timestamp = {Tue, 06 Nov 2018 11:07:18 +0100},
	Title = {Brief Announcement: Robust and Private Distributed Shared Atomic Memory in Message Passing Networks},
	Url = {https://doi.org/10.1145/2767386.2767450},
	Year = {2015},
	Bdsk-Url-1 = {https://doi.org/10.1145/2767386.2767450}}

@article{BASE_Liskov03,
	Author = {Miguel Castro and Rodrigo Rodrigues and Barbara Liskov},
	Bibsource = {dblp computer science bibliography, https://dblp.org},
	Biburl = {https://dblp.org/rec/bib/journals/tocs/CastroRL03},
	Date-Added = {2019-04-27 21:27:07 -0400},
	Date-Modified = {2019-04-27 21:27:19 -0400},
	Doi = {10.1145/859716.859718},
	Journal = {{ACM} Trans. Comput. Syst.},
	Number = {3},
	Pages = {236--269},
	Timestamp = {Tue, 06 Nov 2018 12:51:04 +0100},
	Title = {{BASE:} Using abstraction to improve fault tolerance},
	Url = {https://doi.org/10.1145/859716.859718},
	Volume = {21},
	Year = {2003},
	Bdsk-Url-1 = {https://doi.org/10.1145/859716.859718}}

@techreport{Tseng_Causal,
	Author = {Lewis Tseng},
	Date-Added = {2019-04-27 17:24:35 -0400},
	Date-Modified = {2019-04-27 17:25:01 -0400},
	Institution = {Boston College},
	Title = {Resilient Causal Memory in Client-Server Model},
	Year = {2019}}

@article{ByzDSM_Michel_JPDC16,
	Author = {Damien Imbs and Sergio Rajsbaum and Michel Raynal and Julien Stainer},
	Bibsource = {dblp computer science bibliography, https://dblp.org},
	Biburl = {https://dblp.org/rec/bib/journals/jpdc/ImbsRRS16},
	Date-Added = {2019-04-27 17:18:42 -0400},
	Date-Modified = {2019-04-27 17:18:54 -0400},
	Doi = {10.1016/j.jpdc.2016.03.012},
	Journal = {J. Parallel Distrib. Comput.},
	Pages = {1--9},
	Timestamp = {Mon, 06 Nov 2017 12:13:23 +0100},
	Title = {Read/write shared memory abstraction on top of asynchronous Byzantine message-passing systems},
	Url = {https://doi.org/10.1016/j.jpdc.2016.03.012},
	Volume = {93-94},
	Year = {2016},
	Bdsk-Url-1 = {https://doi.org/10.1016/j.jpdc.2016.03.012}}

@article{BQS_DC98,
	Author = {Dahlia Malkhi and Michael K. Reiter},
	Bibsource = {dblp computer science bibliography, https://dblp.org},
	Biburl = {https://dblp.org/rec/bib/journals/dc/MalkhiR98},
	Date-Added = {2019-04-27 17:17:34 -0400},
	Date-Modified = {2019-04-27 17:17:43 -0400},
	Doi = {10.1007/s004460050050},
	Journal = {Distributed Computing},
	Number = {4},
	Pages = {203--213},
	Timestamp = {Wed, 14 Nov 2018 10:28:12 +0100},
	Title = {Byzantine Quorum Systems},
	Url = {https://doi.org/10.1007/s004460050050},
	Volume = {11},
	Year = {1998},
	Bdsk-Url-1 = {https://doi.org/10.1007/s004460050050}}

@inproceedings{evaluation_ByzQuorum_SRDS07,
	Author = {Wagner Saback Dantas and Alysson Neves Bessani and Joni da Silva Fraga and Miguel Correia},
	Bibsource = {dblp computer science bibliography, https://dblp.org},
	Biburl = {https://dblp.org/rec/bib/conf/srds/DantasBFC07},
	Booktitle = {26th {IEEE} Symposium on Reliable Distributed Systems {(SRDS} 2007), Beijing, China, October 10-12, 2007},
	Crossref = {DBLP:conf/srds/2007},
	Date-Added = {2019-04-27 17:16:31 -0400},
	Date-Modified = {2019-04-27 17:16:44 -0400},
	Doi = {10.1109/SRDS.2007.34},
	Pages = {253--264},
	Timestamp = {Tue, 12 Dec 2017 12:18:57 +0100},
	Title = {Evaluating Byzantine Quorum Systems},
	Url = {https://doi.org/10.1109/SRDS.2007.34},
	Year = {2007},
	Bdsk-Url-1 = {https://doi.org/10.1109/SRDS.2007.34}}

@article{ByzReg_Welch,
	Author = {Khushboo Kanjani and Hyunyoung Lee and Whitney L. Maguffee and Jennifer L. Welch},
	Date-Added = {2019-04-27 17:14:48 -0400},
	Date-Modified = {2019-04-27 17:14:48 -0400},
	Journal = {{IJPEDS}},
	Number = {5},
	Pages = {423--435},
	Title = {A simple Byzantine-fault-tolerant algorithm for a multi-writer regular register},
	Volume = {25},
	Year = {2010}}

@inproceedings{BQS_eval_SRDS07,
	Author = {Wagner Saback Dantas and Alysson Neves Bessani and Joni da Silva Fraga and Miguel Correia},
	Bibsource = {dblp computer science bibliography, https://dblp.org},
	Biburl = {https://dblp.org/rec/bib/conf/srds/DantasBFC07},
	Booktitle = {26th {IEEE} Symposium on Reliable Distributed Systems {(SRDS} 2007), Beijing, China, October 10-12, 2007},
	Crossref = {DBLP:conf/srds/2007},
	Date-Added = {2019-04-27 17:11:59 -0400},
	Date-Modified = {2019-04-27 17:11:59 -0400},
	Doi = {10.1109/SRDS.2007.34},
	Pages = {253--264},
	Timestamp = {Tue, 12 Dec 2017 12:18:57 +0100},
	Title = {Evaluating Byzantine Quorum Systems},
	Url = {https://doi.org/10.1109/SRDS.2007.34},
	Year = {2007},
	Bdsk-Url-1 = {https://doi.org/10.1109/SRDS.2007.34}}

@inproceedings{Quorum_eval_96,
	Author = {Yair Amir and Avishai Wool},
	Bibsource = {dblp computer science bibliography, https://dblp.org},
	Biburl = {https://dblp.org/rec/bib/conf/ftcs/AmirW96},
	Booktitle = {Digest of Papers: FTCS-26, The Twenty-Sixth Annual International Symposium on Fault-Tolerant Computing, Sendai, Japan, June 25-27, 1996},
	Crossref = {DBLP:conf/ftcs/1996},
	Date-Added = {2019-04-27 17:11:55 -0400},
	Date-Modified = {2019-04-27 17:11:55 -0400},
	Doi = {10.1109/FTCS.1996.534591},
	Pages = {26--35},
	Timestamp = {Tue, 23 May 2017 01:11:18 +0200},
	Title = {Evaluating Quorum Systems over the Internet},
	Url = {https://doi.org/10.1109/FTCS.1996.534591},
	Year = {1996},
	Bdsk-Url-1 = {https://doi.org/10.1109/FTCS.1996.534591}}

@article{multi-writer_welch,
	Author = {Cheng Shao and Jennifer L. Welch and Evelyn Pierce and Hyunyoung Lee},
	Date-Added = {2019-04-27 17:11:42 -0400},
	Date-Modified = {2019-04-27 17:11:42 -0400},
	Doi = {10.1137/07071158X},
	Eprint = {http://dx.doi.org/10.1137/07071158X},
	Journal = {SIAM Journal on Computing},
	Number = {1},
	Pages = {28-62},
	Title = {Multiwriter Consistency Conditions for Shared Memory Registers},
	Url = {http://dx.doi.org/10.1137/07071158X},
	Volume = {40},
	Year = {2011},
	Bdsk-Url-1 = {http://dx.doi.org/10.1137/07071158X}}

@article{ABD_quorum,
	Acmid = {200869},
	Address = {New York, NY, USA},
	Author = {Attiya, Hagit and Bar-Noy, Amotz and Dolev, Danny},
	Date-Added = {2019-04-27 17:11:28 -0400},
	Date-Modified = {2019-04-27 17:11:28 -0400},
	Doi = {10.1145/200836.200869},
	Issn = {0004-5411},
	Issue_Date = {Jan. 1995},
	Journal = {J. ACM},
	Keywords = {atomic registers, emulation, fault-tolerance, message passing, processor and link failures, shared memory, wait-freedom},
	Month = jan,
	Number = {1},
	Numpages = {19},
	Pages = {124--142},
	Publisher = {ACM},
	Title = {Sharing Memory Robustly in Message-passing Systems},
	Url = {http://doi.acm.org/10.1145/200836.200869},
	Volume = {42},
	Year = {1995},
	Bdsk-Url-1 = {http://doi.acm.org/10.1145/200836.200869},
	Bdsk-Url-2 = {https://doi.org/10.1145/200836.200869}}

@book{quorum_book,
	Author = {{V}ukolic, {M}arko},
	Date-Added = {2019-04-27 17:11:18 -0400},
	Date-Modified = {2019-04-27 17:11:18 -0400},
	Doi = {http://dx.doi.org/10.2200/S00402ED1V01Y201202DCT009},
	Month = {02},
	Publisher = {{M}organ and {C}laypool, {S}ynthesis {L}ectures on {D}istributed {C}omputing {T}heory, {F}ebruary 2012, {ISBN}: 978-1608456833},
	Title = {{Q}uorum systems: {W}ith applications to storage and consensus},
	Url = {http://www.eurecom.fr/publication/3632},
	Year = {2012},
	Bdsk-Url-1 = {http://www.eurecom.fr/publication/3632},
	Bdsk-Url-2 = {http://dx.doi.org/10.2200/S00402ED1V01Y201202DCT009}}

@inproceedings{SBQ_DSN02,
	Author = {Jean{-}Philippe Martin and Lorenzo Alvisi and Michael Dahlin},
	Bibsource = {dblp computer science bibliography, https://dblp.org},
	Biburl = {https://dblp.org/rec/bib/conf/dsn/MartinAD02},
	Booktitle = {2002 International Conference on Dependable Systems and Networks {(DSN} 2002), 23-26 June 2002, Bethesda, MD, USA, Proceedings},
	Crossref = {DBLP:conf/dsn/2002},
	Date-Added = {2019-04-27 17:10:35 -0400},
	Date-Modified = {2019-04-27 17:10:35 -0400},
	Doi = {10.1109/DSN.2002.1028922},
	Pages = {374--388},
	Timestamp = {Sun, 21 May 2017 00:19:56 +0200},
	Title = {Small Byzantine Quorum Systems},
	Url = {https://doi.org/10.1109/DSN.2002.1028922},
	Year = {2002},
	Bdsk-Url-1 = {https://doi.org/10.1109/DSN.2002.1028922}}

@article{attiya_welch_TOCS94,
	Author = {Hagit Attiya and Jennifer L. Welch},
	Bibsource = {dblp computer science bibliography, https://dblp.org},
	Biburl = {https://dblp.org/rec/bib/journals/tocs/AttiyaW94},
	Date-Added = {2018-08-24 19:09:24 +0000},
	Date-Modified = {2018-08-24 19:09:35 +0000},
	Doi = {10.1145/176575.176576},
	Journal = {{ACM} Trans. Comput. Syst.},
	Number = {2},
	Pages = {91--122},
	Timestamp = {Mon, 24 Nov 2003 07:58:42 +0100},
	Title = {Sequential Consistency versus Linearizability},
	Url = {http://doi.acm.org/10.1145/176575.176576},
	Volume = {12},
	Year = {1994},
	Bdsk-Url-1 = {http://doi.acm.org/10.1145/176575.176576},
	Bdsk-Url-2 = {https://doi.org/10.1145/176575.176576}}

@book{impossibility_book,
	Author = {Hagit Attiya and Faith Ellen},
	Date-Added = {2015-11-21 23:16:15 +0000},
	Date-Modified = {2015-11-21 23:17:26 +0000},
	Publisher = {Morgan & Claypool},
	Series = {Synthesis Lectures on Distributed Computing Theory},
	Title = {Impossibility Results for Distributed Computing},
	Year = {2014}}

@article{membership,
	Author = {Flaviu Cristian},
	Date-Added = {2015-11-21 19:59:47 +0000},
	Date-Modified = {2015-11-21 19:59:53 +0000},
	Journal = {Distributed Computing},
	Pages = {175--187},
	Title = {Reaching Agreement on Processor Group Membership in Synchronous Distributed Systems},
	Volume = {4},
	Year = {1991}}

@article{failure_detector,
	Acmid = {226647},
	Address = {New York, NY, USA},
	Author = {Chandra, Tushar Deepak and Toueg, Sam},
	Date-Added = {2015-11-21 19:58:34 +0000},
	Date-Modified = {2015-11-21 19:58:42 +0000},
	Doi = {10.1145/226643.226647},
	Issn = {0004-5411},
	Issue_Date = {March 1996},
	Journal = {J. ACM},
	Keywords = {Byzantine Generals' problem, agreement problem, asynchronous systems, atomic broadcast, commit problem, consensus problem, crash failures, failure detection, fault-tolerance, message passing, partial synchrony, processor failures},
	Month = mar,
	Number = {2},
	Numpages = {43},
	Pages = {225--267},
	Publisher = {ACM},
	Title = {Unreliable Failure Detectors for Reliable Distributed Systems},
	Url = {http://doi.acm.org/10.1145/226643.226647},
	Volume = {43},
	Year = {1996},
	Bdsk-Url-1 = {http://doi.acm.org/10.1145/226643.226647},
	Bdsk-Url-2 = {http://dx.doi.org/10.1145/226643.226647}}

@inproceedings{podc15:eventual,
	Author = {Hagit Attiya and Faith Ellen and Adam Morrison},
	Bibsource = {dblp computer science bibliography, http://dblp.org},
	Biburl = {http://dblp.uni-trier.de/rec/bib/conf/podc/AttiyaEM15},
	Booktitle = {Proceedings of the 2015 {ACM} Symposium on Principles of Distributed Computing, {PODC} 2015, Donostia-San Sebasti{\'{a}}n, Spain, July 21 - 23, 2015},
	Crossref = {DBLP:conf/podc/2015},
	Date-Added = {2015-11-21 19:42:02 +0000},
	Date-Modified = {2015-11-21 19:42:12 +0000},
	Doi = {10.1145/2767386.2767419},
	Pages = {385--394},
	Timestamp = {Sat, 18 Jul 2015 13:42:22 +0200},
	Title = {Limitations of Highly-Available Eventually-Consistent Data Stores},
	Url = {http://doi.acm.org/10.1145/2767386.2767419},
	Year = {2015},
	Bdsk-Url-1 = {http://doi.acm.org/10.1145/2767386.2767419},
	Bdsk-Url-2 = {http://dx.doi.org/10.1145/2767386.2767419}}

@inproceedings{Marc:partial,
	Acmid = {2745953},
	Address = {New York, NY, USA},
	Articleno = {6},
	Author = {Crain, Tyler and Shapiro, Marc},
	Booktitle = {Proceedings of the First Workshop on Principles and Practice of Consistency for Distributed Data},
	Date-Added = {2015-11-21 18:43:22 +0000},
	Date-Modified = {2015-11-21 18:43:28 +0000},
	Doi = {10.1145/2745947.2745953},
	Isbn = {978-1-4503-3537-9},
	Location = {Bordeaux, France},
	Numpages = {4},
	Pages = {6:1--6:4},
	Publisher = {ACM},
	Series = {PaPoC '15},
	Title = {Designing a Causally Consistent Protocol for Geo-distributed Partial Replication},
	Url = {http://doi.acm.org/10.1145/2745947.2745953},
	Year = {2015},
	Bdsk-Url-1 = {http://doi.acm.org/10.1145/2745947.2745953},
	Bdsk-Url-2 = {http://dx.doi.org/10.1145/2745947.2745953}}

@inproceedings{Ajay:partial1,
	Author = {Min Shen and Ajay D. Kshemkalyani and Ta Yuan Hsu},
	Bibsource = {dblp computer science bibliography, http://dblp.org},
	Biburl = {http://dblp.uni-trier.de/rec/bib/conf/ipps/ShenKH15},
	Booktitle = {2015 {IEEE} International Parallel and Distributed Processing Symposium Workshop, {IPDPS} 2015, Hyderabad, India, May 25-29, 2015},
	Crossref = {DBLP:conf/ipps/2015w},
	Date-Added = {2015-11-21 18:42:04 +0000},
	Date-Modified = {2015-11-21 18:42:17 +0000},
	Doi = {10.1109/IPDPSW.2015.68},
	Pages = {509--518},
	Timestamp = {Thu, 08 Oct 2015 09:23:53 +0200},
	Title = {Causal Consistency for Geo-Replicated Cloud Storage under Partial Replication},
	Url = {http://dx.doi.org/10.1109/IPDPSW.2015.68},
	Year = {2015},
	Bdsk-Url-1 = {http://dx.doi.org/10.1109/IPDPSW.2015.68}}

@inproceedings{Ajay:partial,
	Author = {Min Shen and Ajay D. Kshemkalyani and Ta Yuan Hsu},
	Bibsource = {dblp computer science bibliography, http://dblp.org},
	Biburl = {http://dblp.uni-trier.de/rec/bib/conf/icdcn/ShenKH15},
	Booktitle = {Proceedings of the 2015 International Conference on Distributed Computing and Networking, {ICDCN} 2015, Goa, India, January 4-7, 2015},
	Crossref = {DBLP:conf/icdcn/2015},
	Date-Added = {2015-11-21 18:41:35 +0000},
	Date-Modified = {2015-11-21 18:41:40 +0000},
	Doi = {10.1145/2684464.2684483},
	Pages = {16:1--16:4},
	Timestamp = {Thu, 23 Apr 2015 17:57:18 +0200},
	Title = {{OPCAM:} Optimal Algorithms Implementing Causal Memories in Shared Memory Systems},
	Url = {http://doi.acm.org/10.1145/2684464.2684483},
	Year = {2015},
	Bdsk-Url-1 = {http://doi.acm.org/10.1145/2684464.2684483},
	Bdsk-Url-2 = {http://dx.doi.org/10.1145/2684464.2684483}}

@inproceedings{Orbe,
	Author = {Jiaqing Du and Sameh Elnikety and Amitabha Roy and Willy Zwaenepoel},
	Bibsource = {dblp computer science bibliography, http://dblp.org},
	Biburl = {http://dblp.uni-trier.de/rec/bib/conf/cloud/DuE0Z13},
	Booktitle = {{ACM} Symposium on Cloud Computing, {SOCC} '13, Santa Clara, CA, USA, October 1-3, 2013},
	Crossref = {DBLP:conf/cloud/2013},
	Date-Added = {2015-11-21 18:39:04 +0000},
	Date-Modified = {2015-11-21 18:39:10 +0000},
	Doi = {10.1145/2523616.2523628},
	Pages = {11:1--11:14},
	Timestamp = {Mon, 11 May 2015 16:37:25 +0200},
	Title = {Orbe: scalable causal consistency using dependency matrices and physical clocks},
	Url = {http://doi.acm.org/10.1145/2523616.2523628},
	Year = {2013},
	Bdsk-Url-1 = {http://doi.acm.org/10.1145/2523616.2523628},
	Bdsk-Url-2 = {http://dx.doi.org/10.1145/2523616.2523628}}

@inproceedings{gentlerain,
	Author = {Jiaqing Du and Calin Iorgulescu and Amitabha Roy and Willy Zwaenepoel},
	Bibsource = {dblp computer science bibliography, http://dblp.org},
	Biburl = {http://dblp.uni-trier.de/rec/bib/conf/cloud/DuI0Z14},
	Booktitle = {Proceedings of the {ACM} Symposium on Cloud Computing, Seattle, WA, USA, November 03 - 05, 2014},
	Crossref = {DBLP:conf/cloud/2014},
	Date-Added = {2015-11-21 18:38:25 +0000},
	Date-Modified = {2015-11-21 18:38:31 +0000},
	Doi = {10.1145/2670979.2670983},
	Pages = {4:1--4:13},
	Timestamp = {Fri, 24 Apr 2015 14:24:49 +0200},
	Title = {GentleRain: Cheap and Scalable Causal Consistency with Physical Clocks},
	Url = {http://doi.acm.org/10.1145/2670979.2670983},
	Year = {2014},
	Bdsk-Url-1 = {http://doi.acm.org/10.1145/2670979.2670983},
	Bdsk-Url-2 = {http://dx.doi.org/10.1145/2670979.2670983}}

@techreport{microsoft:eventual,
	Abstract = {<p>Modern geo-replicated databases underlying large-scale Internet services
                guarantee immediate availability and tolerate network partitions at the expense
                of providing only weak forms of consistency, commonly dubbed eventual
                consistency. At the moment there is a lot of confusion about the semantics of
                eventual consistency, as different systems implement it with different sets of
                features and in subtly different forms, stated either informally or using
                disparate and low-level formalisms.

                We address this problem by proposing a framework for formal and declarative
                specification of the semantics of eventually consistent systems using axioms. Our
                framework is fully customizable: by varying the set of axioms, we can rigorously
                define the semantics of systems that combine any subset of typical guarantees or
                features, including conflict resolution policies, session guarantees, causality
                guarantees, multiple consistency levels and transactions. We prove that our
                specifications are validated by an example abstract implementation, based on
                algorithms used in real-world systems. These  results demonstrate that our
                framework provides system architects with a tool for exploring the design space,
                and lays the foundation for formal reasoning about eventually consistent
                systems.</p>},
	Author = {Sebastian Burckhardt and Alexey Gotsman and Hongseok Yang},
	Date-Added = {2015-11-20 00:07:41 +0000},
	Date-Modified = {2015-11-20 00:07:50 +0000},
	Month = {March},
	Note = {This document is work in progress. Feel free to cite, but note that we will update the contents without warning (the first page contains a timestamp), and that we are likely going to publish the content in some future venue, at which point we will update this paragraph.},
	Number = {MSR-TR-2013-39},
	Title = {Understanding Eventual Consistency},
	Url = {http://research.microsoft.com/apps/pubs/default.aspx?id=189249},
	Year = {2013},
	Bdsk-Url-1 = {http://research.microsoft.com/apps/pubs/default.aspx?id=189249}}

@article{lamport:lower_bound,
	Author = {Lamport, Leslie},
	Date-Added = {2015-11-17 18:52:37 +0000},
	Date-Modified = {2015-11-17 18:52:54 +0000},
	Doi = {10.1007/s00446-006-0155-x},
	Issn = {0178-2770},
	Journal = {Distributed Computing},
	Keywords = {Consensus; Fault tolerance; Distributed algorithms; Paxos},
	Language = {English},
	Number = {2},
	Pages = {104-125},
	Publisher = {Springer-Verlag},
	Title = {Lower bounds for asynchronous consensus},
	Url = {http://dx.doi.org/10.1007/s00446-006-0155-x},
	Volume = {19},
	Year = {2006},
	Bdsk-Url-1 = {http://dx.doi.org/10.1007/s00446-006-0155-x}}

@article{Birman:causal,
	Acmid = {128742},
	Address = {New York, NY, USA},
	Author = {Birman, Kenneth and Schiper, Andr{\'e} and Stephenson, Pat},
	Date-Added = {2015-11-16 19:27:38 +0000},
	Date-Modified = {2015-11-16 19:27:44 +0000},
	Doi = {10.1145/128738.128742},
	Issn = {0734-2071},
	Issue_Date = {Aug. 1991},
	Journal = {ACM Trans. Comput. Syst.},
	Keywords = {fault-tolerant process groups, message ordering, multicast communication},
	Month = aug,
	Number = {3},
	Numpages = {43},
	Pages = {272--314},
	Publisher = {ACM},
	Title = {Lightweight Causal and Atomic Group Multicast},
	Url = {http://doi.acm.org/10.1145/128738.128742},
	Volume = {9},
	Year = {1991},
	Bdsk-Url-1 = {http://doi.acm.org/10.1145/128738.128742},
	Bdsk-Url-2 = {http://dx.doi.org/10.1145/128738.128742}}

@article{Herlihy:wait-free,
	Acmid = {102808},
	Address = {New York, NY, USA},
	Author = {Herlihy, Maurice},
	Date-Added = {2015-11-16 19:21:49 +0000},
	Date-Modified = {2015-11-16 19:21:57 +0000},
	Doi = {10.1145/114005.102808},
	Issn = {0164-0925},
	Issue_Date = {Jan. 1991},
	Journal = {ACM Trans. Program. Lang. Syst.},
	Keywords = {linearization, wait-free synchronization},
	Month = jan,
	Number = {1},
	Numpages = {26},
	Pages = {124--149},
	Publisher = {ACM},
	Title = {Wait-free Synchronization},
	Url = {http://doi.acm.org/10.1145/114005.102808},
	Volume = {13},
	Year = {1991},
	Bdsk-Url-1 = {http://doi.acm.org/10.1145/114005.102808},
	Bdsk-Url-2 = {http://dx.doi.org/10.1145/114005.102808}}

@article{Aguilera:tutorial,
	Author = {Marcos K. Aguilera and Idit Keidar and Dahlia Malkhi and Jean{-}Philippe Martin and Alexander Shraer},
	Bibsource = {dblp computer science bibliography, http://dblp.org},
	Biburl = {http://dblp.uni-trier.de/rec/bib/journals/eatcs/AguileraKMMS10},
	Date-Added = {2015-11-16 18:19:42 +0000},
	Date-Modified = {2015-11-16 18:19:53 +0000},
	Journal = {Bulletin of the {EATCS}},
	Pages = {84--108},
	Timestamp = {Tue, 20 Mar 2012 10:20:38 +0100},
	Title = {Reconfiguring Replicated Atomic Storage: {A} Tutorial},
	Url = {http://albcom.lsi.upc.edu/ojs/index.php/beatcs/article/view/43/48},
	Volume = {102},
	Year = {2010},
	Bdsk-Url-1 = {http://albcom.lsi.upc.edu/ojs/index.php/beatcs/article/view/43/48}}

@article{Aguilera:quasi-link,
	Author = {Marcos Kawazoe Aguilera and Wei Chen and Sam Toueg},
	Date-Added = {2015-11-16 17:58:07 +0000},
	Date-Modified = {2015-11-16 17:58:17 +0000},
	Doi = {http://dx.doi.org/10.1016/S0304-3975(98)00235-7},
	Issn = {0304-3975},
	Journal = {Theoretical Computer Science},
	Keywords = {Consensus},
	Note = {Distributed Algorithms},
	Number = {1},
	Pages = {3 - 30},
	Title = {Using the heartbeat failure detector for quiescent reliable communication and consensus in partitionable networks},
	Url = {http://www.sciencedirect.com/science/article/pii/S0304397598002357},
	Volume = {220},
	Year = {1999},
	Bdsk-Url-1 = {http://www.sciencedirect.com/science/article/pii/S0304397598002357},
	Bdsk-Url-2 = {http://dx.doi.org/10.1016/S0304-3975(98)00235-7}}

@inproceedings{Lynch:DSM,
	Author = {Lynch, N.A. and Shvartsman, A.A.},
	Booktitle = {Fault-Tolerant Computing, 1997. FTCS-27. Digest of Papers., Twenty-Seventh Annual International Symposium on},
	Date-Added = {2015-11-16 00:01:39 +0000},
	Date-Modified = {2015-11-16 00:01:50 +0000},
	Doi = {10.1109/FTCS.1997.614100},
	Issn = {0731-3071},
	Keywords = {fault tolerant computing;message passing;reliability;shared memory systems;I/O automata;client request dissemination;communication overhead;computation overhead;correctness proving;dynamic quorum configurations;dynamic quorum-acknowledged broadcasts;link failure;message-passing systems;modular two-layer architecture;partial-order methods;processor failure;processors;read quorums;register atomicity;response collection;robust emulation;robust multi-writer/multireader registers;shared memory;unlimited concurrency;unreliable broadcast;write quorums;Atomic layer deposition;Automata;Broadcast technology;Broadcasting;Computer science;Concurrent computing;Emulation;Laboratories;Registers;Robustness},
	Month = {June},
	Pages = {272-281},
	Title = {Robust emulation of shared memory using dynamic quorum-acknowledged broadcasts},
	Year = {1997},
	Bdsk-Url-1 = {http://dx.doi.org/10.1109/FTCS.1997.614100}}

@inproceedings{Rachid:crash-recovery,
	Author = {Guerraoui, R. and Levy, R.R.},
	Booktitle = {Distributed Computing Systems, 2004. Proceedings. 24th International Conference on},
	Date-Added = {2015-11-15 23:59:22 +0000},
	Date-Modified = {2015-11-15 23:59:31 +0000},
	Doi = {10.1109/ICDCS.2004.1281605},
	Issn = {1063-6927},
	Keywords = {communication complexity;distributed shared memory systems;message passing;synchronisation;system recovery;asynchronous message passing system;crash-recovery model;message complexity;multireader shared memory;robust shared memory emulations;Computer crashes;Distributed algorithms;Emulation;Fault tolerance;Hardware;Laboratories;Message passing;Read-write memory;Robustness;Workstations},
	Pages = {400-407},
	Title = {Robust emulations of shared memory in a crash-recovery model},
	Year = {2004},
	Bdsk-Url-1 = {http://dx.doi.org/10.1109/ICDCS.2004.1281605}}

@phdthesis{Milani:thesis,
	Author = {Alessia Milani},
	Date-Added = {2015-11-15 23:55:39 +0000},
	Date-Modified = {2015-11-15 23:58:03 +0000},
	School = {``La Sapienza'', University of Rome (Italy)},
	Title = {Causal Consistency in Static and Dynamic Distributed System},
	Year = {2007}}

@article{Aguilera:dynamic,
	Acmid = {1944348},
	Address = {New York, NY, USA},
	Articleno = {7},
	Author = {Aguilera, Marcos K. and Keidar, Idit and Malkhi, Dahlia and Shraer, Alexander},
	Date-Added = {2015-11-15 23:53:43 +0000},
	Date-Modified = {2015-11-15 23:53:52 +0000},
	Doi = {10.1145/1944345.1944348},
	Issn = {0004-5411},
	Issue_Date = {April 2011},
	Journal = {J. ACM},
	Keywords = {Shared-memory emulations, atomic storage, dynamic systems},
	Month = apr,
	Number = {2},
	Numpages = {32},
	Pages = {7:1--7:32},
	Publisher = {ACM},
	Title = {Dynamic Atomic Storage Without Consensus},
	Url = {http://doi.acm.org/10.1145/1944345.1944348},
	Volume = {58},
	Year = {2011},
	Bdsk-Url-1 = {http://doi.acm.org/10.1145/1944345.1944348},
	Bdsk-Url-2 = {http://dx.doi.org/10.1145/1944345.1944348}}

@inproceedings{RAMBOII,
	Author = {Seth Gilbert and Nancy A. Lynch and Alexander A. Shvartsman},
	Bibsource = {dblp computer science bibliography, http://dblp.org},
	Biburl = {http://dblp.uni-trier.de/rec/bib/conf/dsn/GilbertLS03},
	Booktitle = {2003 International Conference on Dependable Systems and Networks {(DSN} 2003), 22-25 June 2003, San Francisco, CA, USA, Proceedings},
	Crossref = {DBLP:conf/dsn/2003},
	Date-Added = {2015-11-15 23:52:31 +0000},
	Date-Modified = {2015-11-15 23:52:36 +0000},
	Doi = {10.1109/DSN.2003.1209936},
	Pages = {259--268},
	Timestamp = {Tue, 20 Dec 2011 16:55:29 +0100},
	Title = {{RAMBO} {II:} Rapidly Reconfigurable Atomic Memory for Dynamic Networks},
	Url = {http://doi.ieeecomputersociety.org/10.1109/DSN.2003.1209936},
	Year = {2003},
	Bdsk-Url-1 = {http://doi.ieeecomputersociety.org/10.1109/DSN.2003.1209936},
	Bdsk-Url-2 = {http://dx.doi.org/10.1109/DSN.2003.1209936}}

@article{RAMBO,
	Author = {Seth Gilbert and Nancy A. Lynch and Alexander A. Shvartsman},
	Bibsource = {dblp computer science bibliography, http://dblp.org},
	Biburl = {http://dblp.uni-trier.de/rec/bib/journals/dc/GilbertLS10},
	Date-Added = {2015-11-15 23:51:14 +0000},
	Date-Modified = {2015-11-15 23:51:18 +0000},
	Doi = {10.1007/s00446-010-0117-1},
	Journal = {Distributed Computing},
	Number = {4},
	Pages = {225--272},
	Timestamp = {Fri, 19 Nov 2010 20:31:28 +0100},
	Title = {Rambo: a robust, reconfigurable atomic memory service for dynamic networks},
	Url = {http://dx.doi.org/10.1007/s00446-010-0117-1},
	Volume = {23},
	Year = {2010},
	Bdsk-Url-1 = {http://dx.doi.org/10.1007/s00446-010-0117-1}}

@article{ABD,
	Acmid = {200869},
	Address = {New York, NY, USA},
	Author = {Attiya, Hagit and Bar-Noy, Amotz and Dolev, Danny},
	Date-Added = {2015-11-15 23:31:30 +0000},
	Date-Modified = {2018-08-31 21:19:50 +0000},
	Doi = {10.1145/200836.200869},
	Issn = {0004-5411},
	Issue_Date = {Jan. 1995},
	Journal = {J. ACM},
	Keywords = {atomic registers, emulation, fault-tolerance, message passing, processor and link failures, shared memory, wait-freedom},
	Month = jan,
	Number = {1},
	Numpages = {19},
	Pages = {124--142},
	Publisher = {ACM},
	Title = {Sharing Memory Robustly in Message-passing Systems},
	Url = {http://doi.acm.org/10.1145/200836.200869},
	Volume = {42},
	Year = {1995},
	Bdsk-Url-1 = {http://doi.acm.org/10.1145/200836.200869},
	Bdsk-Url-2 = {http://dx.doi.org/10.1145/200836.200869}}

@inproceedings{weak-causal,
	Author = {Baldoni, R. and Malek, M. and Milani, A. and Piergiovanni, S.T.},
	Booktitle = {Reliable Distributed Systems, 2006. SRDS '06. 25th IEEE Symposium on},
	Date-Added = {2015-11-15 16:43:37 +0000},
	Date-Modified = {2015-11-15 16:43:44 +0000},
	Doi = {10.1109/SRDS.2006.47},
	Issn = {1060-9857},
	Keywords = {distributed processing;atomic consistency;causal consistency;correctness proof;dynamic distributed system;quiescent;weak persistency;weakly-persistent causal object;Abstracts;Clocks;Computer crashes;Computer networks;Distributed computing;Large-scale systems;Message passing;Peer to peer computing;Protocols;Resists},
	Month = {Oct},
	Pages = {165-174},
	Title = {Weakly-Persistent Causal Objects in Dynamic Distributed Systems},
	Year = {2006},
	Bdsk-Url-1 = {http://dx.doi.org/10.1109/SRDS.2006.47}}

@misc{codahaleU,
	Author = {Coda Hale},
	Date-Added = {2015-11-15 16:09:07 +0000},
	Date-Modified = {2015-11-15 16:22:07 +0000},
	Month = {October},
	Title = {You cannot sacrifice partition-tolerance},
	Url = {\url{http://codahale.com/you-cant-sacrifice-partition-tolerance/}},
	Year = {2010},
	Bdsk-Url-1 = {http://codahale.com/you-cant-sacrifice-partition-tolerance/}}

@inproceedings{vector-field_consistency,
	Author = {Nuno Santos and Lu{\'{\i}}s Veiga and Paulo Ferreira},
	Bibsource = {dblp computer science bibliography, http://dblp.org},
	Biburl = {http://dblp.uni-trier.de/rec/bib/conf/middleware/SantosVF07},
	Booktitle = {Middleware 2007, {ACM/IFIP/USENIX} 8th International Middleware Conference, Newport Beach, CA, USA, November 26-30, 2007, Proceedings},
	Crossref = {DBLP:conf/middleware/2007},
	Doi = {10.1007/978-3-540-76778-7_5},
	Pages = {80--100},
	Timestamp = {Wed, 30 Jul 2014 17:00:43 +0200},
	Title = {Vector-Field Consistency for Ad-Hoc Gaming},
	Url = {http://dx.doi.org/10.1007/978-3-540-76778-7_5},
	Year = {2007},
	Bdsk-Url-1 = {http://dx.doi.org/10.1007/978-3-540-76778-7_5}}

@misc{abadi-pacelc,
	Author = {Daniel J. Abadi},
	Howpublished = {IEEE Computer, 45(2)},
	Pages = {37-42},
	Title = {Consistency Tradeoffs in Modern Distributed Database System Design: CAP is Only Part of the Story},
	Year = {2012}}

@article{Adve_tutorial,
	Acmid = {620590},
	Address = {Los Alamitos, CA, USA},
	Author = {Adve, Sarita V. and Gharachorloo, Kourosh},
	Doi = {10.1109/2.546611},
	Issn = {0018-9162},
	Issue_Date = {December 1996},
	Journal = {Computer},
	Month = dec,
	Number = {12},
	Numpages = {11},
	Pages = {66--76},
	Publisher = {IEEE Computer Society Press},
	Title = {Shared Memory Consistency Models: A Tutorial},
	Url = {http://dx.doi.org/10.1109/2.546611},
	Volume = {29},
	Year = {1996},
	Bdsk-Url-1 = {http://dx.doi.org/10.1109/2.546611}}

@inproceedings{FB_memcache,
	Acmid = {2254766},
	Address = {New York, NY, USA},
	Author = {Atikoglu, Berk and Xu, Yuehai and Frachtenberg, Eitan and Jiang, Song and Paleczny, Mike},
	Booktitle = {Proceedings of the 12th ACM SIGMETRICS/PERFORMANCE Joint International Conference on Measurement and Modeling of Computer Systems},
	Doi = {10.1145/2254756.2254766},
	Isbn = {978-1-4503-1097-0},
	Keywords = {key-value store, memcached, workload analysis, workload modeling},
	Location = {London, England, UK},
	Numpages = {12},
	Pages = {53--64},
	Publisher = {ACM},
	Series = {SIGMETRICS '12},
	Title = {Workload Analysis of a Large-scale Key-value Store},
	Url = {http://doi.acm.org/10.1145/2254756.2254766},
	Year = {2012},
	Bdsk-Url-1 = {http://doi.acm.org/10.1145/2254756.2254766},
	Bdsk-Url-2 = {http://dx.doi.org/10.1145/2254756.2254766}}

@article{nonsequential,
	Author = {Hagit Attiya and Soma Chaudhuri and Roy Friedman and Jennifer L. Welch},
	Journal = {SIAM Journal on Computing},
	Owner = {lewis},
	Pages = {65-89},
	Timestamp = {2015.02.08},
	Title = {Shared Memory Consistency Conditions for Nonsequential Execution: Definitions and Programming Strategies},
	Volume = {1},
	Year = {1988}}

@electronic{Bailis_blog,
	Author = {Peter Bailis},
	Month = {05 Feb 2014},
	Note = {\url{http://www.bailis.org/blog/causality-is-expensive-and-what-to-do-about-it/}},
	Owner = {lewis},
	Timestamp = {2015.01.14},
	Title = {Causality Is Expensive (and What To Do About It)}}

@inproceedings{hat-vldb2014,
	Author = {Peter Bailis and Aaron Davidson and Alan Fekete and Ali Ghodsi and Joseph M. Hellerstein and Ion Stoica},
	Booktitle = {40th International Conference on Very Large Data Bases (VLDB)},
	Title = {{Highly Available Transactions:} Virtues and Limitations},
	Year = {2014}}

@inproceedings{Bailis_SOCC12,
	Acmid = {2391251},
	Address = {New York, NY, USA},
	Articleno = {22},
	Author = {Bailis, Peter and Fekete, Alan and Ghodsi, Ali and Hellerstein, Joseph M. and Stoica, Ion},
	Booktitle = {Proceedings of the Third ACM Symposium on Cloud Computing},
	Doi = {10.1145/2391229.2391251},
	Isbn = {978-1-4503-1761-0},
	Keywords = {causality, convergence, data dependencies, explicit causality, scalability, semantic knowledge, weak consistency},
	Location = {San Jose, California},
	Numpages = {7},
	Owner = {lewis},
	Pages = {22:1--22:7},
	Publisher = {ACM},
	Series = {SoCC '12},
	Timestamp = {2015.01.29},
	Title = {The Potential Dangers of Causal Consistency and an Explicit Solution},
	Url = {http://doi.acm.org/10.1145/2391229.2391251},
	Year = {2012},
	Bdsk-Url-1 = {http://doi.acm.org/10.1145/2391229.2391251},
	Bdsk-Url-2 = {http://dx.doi.org/10.1145/2391229.2391251}}

@inproceedings{bolt-on,
	Acmid = {2465279},
	Address = {New York, NY, USA},
	Author = {Bailis, Peter and Ghodsi, Ali and Hellerstein, Joseph M. and Stoica, Ion},
	Booktitle = {Proceedings of the 2013 ACM SIGMOD International Conference on Management of Data},
	Doi = {10.1145/2463676.2465279},
	Isbn = {978-1-4503-2037-5},
	Keywords = {causal consistency, eventual consistency, separation of concerns},
	Location = {New York, New York, USA},
	Numpages = {12},
	Pages = {761--772},
	Publisher = {ACM},
	Series = {SIGMOD '13},
	Title = {Bolt-on Causal Consistency},
	Url = {http://doi.acm.org/10.1145/2463676.2465279},
	Year = {2013},
	Bdsk-Url-1 = {http://doi.acm.org/10.1145/2463676.2465279},
	Bdsk-Url-2 = {http://dx.doi.org/10.1145/2463676.2465279}}

@article{pbs-vldb2012,
	Abstract = {Data store replication results in a fundamental trade-off between
	operation latency and data consistency. In this paper, we examine
	this trade-off in the context of quorum-replicated data stores. Under
	partial, or non-strict quorum replication, a data store waits for
	responses from a subset of replicas before answering a query, without
	guaranteeing that read and write replica sets intersect. As deployed
	in practice, these configurations provide only basic eventual consistency
	guarantees, with no limit to the recency of data returned. However,
	anecdotally, partial quorums are often "good enough" for practitioners
	given their latency benefits. In this work, we explain why partial
	quorums are regularly acceptable in practice, analyzing both the
	staleness of data they return and the latency benefits they offer.
	We introduce Probabilistically Bounded Staleness (PBS) consistency,
	which provides expected bounds on staleness with respect to both
	versions and wall clock time. We derive a closed-form solution for
	versioned staleness as well as model real-time staleness for representative
	Dynamo-style systems under internet-scale production workloads. Using
	PBS, we measure the latency-consistency trade-off for partial quorum
	systems. We quantitatively demonstrate how eventually consistent
	systems frequently return consistent data within tens of milliseconds
	while offering significant latency benefits.},
	Author = {Peter Bailis and Shivaram Venkataraman and Michael J. Franklin and Joseph M. Hellerstein and Ion Stoica},
	Journal = {PVLDB},
	Number = {8},
	Pages = {776--787},
	Title = {Probabilistically Bounded Staleness for Practical Partial Quorums},
	Url = {http://vldb.org/pvldb/vol5/p776_peterbailis_vldb2012.pdf},
	Volume = {5},
	Year = {2012},
	Bdsk-Url-1 = {http://vldb.org/pvldb/vol5/p776_peterbailis_vldb2012.pdf}}

@inproceedings{megastore,
	Author = {Jason Baker and Chris Bond and James C. Corbett and JJ Furman and Andrey Khorlin and James Larson and Jean-Michel Leon and Yawei Li and Alexander Lloyd and Vadim Yushprakh},
	Booktitle = {Proceedings of the Conference on Innovative Data system Research (CIDR)},
	Pages = {223--234},
	Title = {Megastore: Providing Scalable, Highly Available Storage for Interactive Services},
	Url = {http://www.cidrdb.org/cidr2011/Papers/CIDR11_Paper32.pdf},
	Year = {2011},
	Bdsk-File-1 = {YnBsaXN0MDDSAQIDBFxyZWxhdGl2ZVBhdGhZYWxpYXNEYXRhXxAyLi4vLi4vLi4vRG93bmxvYWRzLzEwLjEwMDclMkZzMDA0NDYtMDA2LTAxNTUteC5iaWJPEQHKAAAAAAHKAAIAAAxNYWNpbnRvc2ggSEQAAAAAAAAAAAAAAAAAAADRUtt8SCsAAAAJikgfMTAuMTAwNyUyRnMwMDQ0Ni0wMDYtMDE1NS14LmJpYgAAAAAAAAAAAAAAAAAAAAAAAAAAAAAAAAAAAAAAAAAAAETL0tJw0y8AAAAAAAAAAAADAAIAAAkgAAAAAAAAAAAAAAAAAAAACURvd25sb2FkcwAAEAAIAADRUyHMAAAAEQAIAADScSePAAAAAQAMAAmKSAAJikUAApg3AAIASU1hY2ludG9zaCBIRDpVc2VyczoAbGV3aXNfTUJBOgBEb3dubG9hZHM6ADEwLjEwMDclMkZzMDA0NDYtMDA2LTAxNTUteC5iaWIAAA4AQAAfADEAMAAuADEAMAAwADcAJQAyAEYAcwAwADAANAA0ADYALQAwADAANgAtADAAMQA1ADUALQB4AC4AYgBpAGIADwAaAAwATQBhAGMAaQBuAHQAbwBzAGgAIABIAEQAEgA5VXNlcnMvbGV3aXNfTUJBL0Rvd25sb2Fkcy8xMC4xMDA3JTJGczAwNDQ2LTAwNi0wMTU1LXguYmliAAATAAEvAAAVAAIAEP//AAAACAANABoAJABZAAAAAAAAAgEAAAAAAAAABQAAAAAAAAAAAAAAAAAAAic=},
	Bdsk-Url-1 = {http://www.cidrdb.org/cidr2011/Papers/CIDR11_Paper32.pdf}}

@misc{alec,
	Author = {Alec Benzer},
	Owner = {lewis},
	Timestamp = {2015.02.14},
	Title = {Graph-based Causal Consistency. {Bachelor} thesis, {University of Illinois at Urbana-Champaign}},
	Year = {2014}}

@misc{thomas,
	Author = {Thomas Deegan},
	Owner = {lewis},
	Timestamp = {2015.02.14},
	Title = {Explicit Causal Consistency: Implementation and Evaluation of Social Network Application. {Bachelor} thesis, {University of Illinois at Urbana-Champaign}},
	Year = {2015}}

@inproceedings{rethink_eventual,
	Abstract = {<p>There has been a resurgence of work on replicated, distributed
	database systems to meet the demands of intermittently-connected
	clients and of disaster-tolerant databases that span data centers.
	Many systems weaken the criteria for replica-consistency or isolation,
	and in some cases add new mechanisms, to improve partition-tolerance,
	availability, and performance. We present a framework for comparing
	these criteria and mechanisms, to help architects navigate through
	this complex design space.</p>},
	Author = {Phil Bernstein and Sudipto Das},
	Booktitle = {Proceedings of the 2013 ACM SIGMOD International Conference on Management of Data},
	Month = {June},
	Publisher = {ACM SIGMOD},
	Title = {Rethinking Eventual Consistency},
	Url = {http://research.microsoft.com/apps/pubs/default.aspx?id=192621},
	Year = {2013},
	Bdsk-Url-1 = {http://research.microsoft.com/apps/pubs/default.aspx?id=192621}}

@inproceedings{YCSB,
	Acmid = {1807152},
	Address = {New York, NY, USA},
	Author = {Cooper, Brian F. and Silberstein, Adam and Tam, Erwin and Ramakrishnan, Raghu and Sears, Russell},
	Booktitle = {Proceedings of the 1st ACM Symposium on Cloud Computing},
	Doi = {10.1145/1807128.1807152},
	Isbn = {978-1-4503-0036-0},
	Keywords = {benchmarking, cloud serving database},
	Location = {Indianapolis, Indiana, USA},
	Numpages = {12},
	Pages = {143--154},
	Publisher = {ACM},
	Series = {SoCC '10},
	Title = {Benchmarking Cloud Serving Systems with YCSB},
	Url = {http://doi.acm.org/10.1145/1807128.1807152},
	Year = {2010},
	Bdsk-Url-1 = {http://doi.acm.org/10.1145/1807128.1807152},
	Bdsk-Url-2 = {http://dx.doi.org/10.1145/1807128.1807152}}

@article{fisheye,
	Author = {Roy Friedman and Michel Raynal and Fran{\c{c}}ois Ta{\"{\i}}ani},
	Bibsource = {dblp computer science bibliography, http://dblp.org},
	Biburl = {http://dblp.uni-trier.de/rec/bib/journals/corr/FriedmanRT14},
	Journal = {CoRR},
	Timestamp = {Mon, 01 Dec 2014 14:32:13 +0100},
	Title = {Fisheye Consistency: Keeping Data in Synch in a Georeplicated World},
	Url = {http://arxiv.org/abs/1411.6478},
	Volume = {abs/1411.6478},
	Year = {2014},
	Bdsk-Url-1 = {http://arxiv.org/abs/1411.6478}}

@article{composability_IPL,
	Author = {Roy Friedman and Roman Vitenberg and Gregory Chockler},
	Doi = {http://dx.doi.org/10.1016/S0020-0190(02)00498-2},
	Issn = {0020-0190},
	Journal = {Information Processing Letters},
	Keywords = {Concurrency},
	Number = {4},
	Pages = {169 - 176},
	Title = {On the composability of consistency conditions},
	Url = {http://www.sciencedirect.com/science/article/pii/S0020019002004982},
	Volume = {86},
	Year = {2003},
	Bdsk-Url-1 = {http://www.sciencedirect.com/science/article/pii/S0020019002004982},
	Bdsk-Url-2 = {http://dx.doi.org/10.1016/S0020-0190(02)00498-2}}

@article{Gharachorloo_consistency,
	Acmid = {325102},
	Address = {New York, NY, USA},
	Author = {Gharachorloo, Kourosh and Lenoski, Daniel and Laudon, James and Gibbons, Phillip and Gupta, Anoop and Hennessy, John},
	Doi = {10.1145/325096.325102},
	Issn = {0163-5964},
	Issue_Date = {June 1990},
	Journal = {SIGARCH Comput. Archit. News},
	Month = may,
	Number = {2SI},
	Numpages = {12},
	Pages = {15--26},
	Publisher = {ACM},
	Title = {Memory Consistency and Event Ordering in Scalable Shared-memory Multiprocessors},
	Url = {http://doi.acm.org/10.1145/325096.325102},
	Volume = {18},
	Year = {1990},
	Bdsk-Url-1 = {http://doi.acm.org/10.1145/325096.325102},
	Bdsk-Url-2 = {http://dx.doi.org/10.1145/325096.325102}}

@webpage{codahale2,
	Author = {Coda Hale},
	Date-Modified = {2015-11-15 16:10:10 +0000},
	Month = {07 October 2010},
	Owner = {lewis},
	Timestamp = {2015.01.06},
	Title = {You cannot sacrifice partition-tolerance.},
	Url = {\url{http://codahale.com/you-cant-sacrifice-partition-tolerance/}},
	Bdsk-Url-1 = {http://codahale.com/you-cant-sacrifice-partition-tolerance/}}

@article{linearizability,
	Acmid = {78972},
	Address = {New York, NY, USA},
	Author = {Herlihy, Maurice P. and Wing, Jeannette M.},
	Doi = {10.1145/78969.78972},
	Issn = {0164-0925},
	Issue_Date = {July 1990},
	Journal = {ACM Trans. Program. Lang. Syst.},
	Month = jul,
	Number = {3},
	Numpages = {30},
	Pages = {463--492},
	Publisher = {ACM},
	Title = {Linearizability: A Correctness Condition for Concurrent Objects},
	Url = {http://doi.acm.org/10.1145/78969.78972},
	Volume = {12},
	Year = {1990},
	Bdsk-Url-1 = {http://doi.acm.org/10.1145/78969.78972},
	Bdsk-Url-2 = {http://dx.doi.org/10.1145/78969.78972}}

@phdthesis{chiho,
	Author = {Chi Ho},
	Owner = {lewis},
	School = {Cornell},
	Timestamp = {2015.01.06},
	Title = {REDUCING COSTS OF BYZANTINE FAULT TOLERANT DISTRIBUTED APPLICATIONS},
	Year = {2011}}

@article{lazy_release92,
	Acmid = {139676},
	Address = {New York, NY, USA},
	Author = {Keleher, Pete and Cox, Alan L. and Zwaenepoel, Willy},
	Doi = {10.1145/146628.139676},
	Issn = {0163-5964},
	Issue_Date = {May 1992},
	Journal = {SIGARCH Comput. Archit. News},
	Month = apr,
	Number = {2},
	Numpages = {9},
	Pages = {13--21},
	Publisher = {ACM},
	Title = {Lazy Release Consistency for Software Distributed Shared Memory},
	Url = {http://doi.acm.org/10.1145/146628.139676},
	Volume = {20},
	Year = {1992},
	Bdsk-Url-1 = {http://doi.acm.org/10.1145/146628.139676},
	Bdsk-Url-2 = {http://dx.doi.org/10.1145/146628.139676}}

@article{Dagstuhl,
	Acmid = {2596601},
	Address = {New York, NY, USA},
	Author = {Kemme, Bettina and Schiper, Andr{\'e} and Ramalingam, G. and Shapiro, Marc},
	Doi = {10.1145/2596583.2596601},
	Issn = {0163-5700},
	Issue_Date = {March 2014},
	Journal = {SIGACT News},
	Month = mar,
	Number = {1},
	Numpages = {23},
	Pages = {67--89},
	Publisher = {ACM},
	Title = {Dagstuhl Seminar Review: Consistency in Distributed Systems},
	Url = {http://doi.acm.org/10.1145/2596583.2596601},
	Volume = {45},
	Year = {2014},
	Bdsk-Url-1 = {http://doi.acm.org/10.1145/2596583.2596601},
	Bdsk-Url-2 = {http://dx.doi.org/10.1145/2596583.2596601}}

@inproceedings{herlihy_future,
	Acmid = {2611496},
	Address = {New York, NY, USA},
	Author = {Kogan, Alex and Herlihy, Maurice},
	Booktitle = {Proceedings of the 2014 ACM Symposium on Principles of Distributed Computing},
	Doi = {10.1145/2611462.2611496},
	Isbn = {978-1-4503-2944-6},
	Keywords = {combining, concurrent data structures, elimination, futures, linearizability},
	Location = {Paris, France},
	Numpages = {10},
	Pages = {30--39},
	Publisher = {ACM},
	Series = {PODC '14},
	Title = {The Future(s) of Shared Data Structures},
	Url = {http://doi.acm.org/10.1145/2611462.2611496},
	Year = {2014},
	Bdsk-Url-1 = {http://doi.acm.org/10.1145/2611462.2611496},
	Bdsk-Url-2 = {http://dx.doi.org/10.1145/2611462.2611496}}

@inproceedings{lazy_replication_PODC,
	Acmid = {93399},
	Address = {New York, NY, USA},
	Author = {Ladin, Rivka and Liskov, Barbara and Shrira, Liuba},
	Booktitle = {Proceedings of the Ninth Annual ACM Symposium on Principles of Distributed Computing},
	Doi = {10.1145/93385.93399},
	Isbn = {0-89791-404-X},
	Location = {Quebec City, Quebec, Canada},
	Numpages = {15},
	Pages = {43--57},
	Publisher = {ACM},
	Series = {PODC '90},
	Title = {Lazy Replication: Exploiting the Semantics of Distributed Services},
	Url = {http://doi.acm.org/10.1145/93385.93399},
	Year = {1990},
	Bdsk-Url-1 = {http://doi.acm.org/10.1145/93385.93399},
	Bdsk-Url-2 = {http://dx.doi.org/10.1145/93385.93399}}

@article{lazy_replication,
	Acmid = {138877},
	Address = {New York, NY, USA},
	Author = {Ladin, Rivka and Liskov, Barbara and Shrira, Liuba and Ghemawat, Sanjay},
	Doi = {10.1145/138873.138877},
	Issn = {0734-2071},
	Issue_Date = {Nov. 1992},
	Journal = {ACM Trans. Comput. Syst.},
	Keywords = {client/server architecture, fault tolerance, group communication, high availability, operation ordering, replication, scalability, semantics of application},
	Month = nov,
	Number = {4},
	Numpages = {32},
	Pages = {360--391},
	Publisher = {ACM},
	Title = {Providing High Availability Using Lazy Replication},
	Url = {http://doi.acm.org/10.1145/138873.138877},
	Volume = {10},
	Year = {1992},
	Bdsk-Url-1 = {http://doi.acm.org/10.1145/138873.138877},
	Bdsk-Url-2 = {http://dx.doi.org/10.1145/138873.138877}}

@article{lamport_sequential,
	Acmid = {1311750},
	Address = {Washington, DC, USA},
	Author = {Lamport, L.},
	Doi = {10.1109/TC.1979.1675439},
	Issn = {0018-9340},
	Issue_Date = {September 1979},
	Journal = {IEEE Trans. Comput.},
	Keywords = {Computer design, concurrent computing, hardware correctness, multiprocessing, parallel processing, parallel processing, Computer design, concurrent computing, hardware correctness, multiprocessing},
	Month = sep,
	Number = {9},
	Numpages = {2},
	Pages = {690--691},
	Publisher = {IEEE Computer Society},
	Title = {How to Make a Multiprocessor Computer That Correctly Executes Multiprocess Programs},
	Url = {http://dx.doi.org/10.1109/TC.1979.1675439},
	Volume = {28},
	Year = {1979},
	Bdsk-Url-1 = {http://dx.doi.org/10.1109/TC.1979.1675439}}

@article{lamport,
	Acmid = {359563},
	Address = {New York, NY, USA},
	Author = {Lamport, Leslie},
	Doi = {10.1145/359545.359563},
	Issn = {0001-0782},
	Issue_Date = {July 1978},
	Journal = {Commun. ACM},
	Keywords = {clock synchronization, computer networks, distributed systems, multiprocess systems},
	Month = jul,
	Number = {7},
	Numpages = {8},
	Pages = {558--565},
	Publisher = {ACM},
	Title = {Time, Clocks, and the Ordering of Events in a Distributed System},
	Url = {http://doi.acm.org/10.1145/359545.359563},
	Volume = {21},
	Year = {1978},
	Bdsk-Url-1 = {http://doi.acm.org/10.1145/359545.359563},
	Bdsk-Url-2 = {http://dx.doi.org/10.1145/359545.359563}}

@techreport{PRAM,
	Author = {R. Lipton and J. Sandberg},
	Institution = {Princeton University},
	Owner = {lewis},
	Timestamp = {2015.02.08},
	Title = {PRAM: A Scalable Shared Memory},
	Year = {1988}}

@inproceedings{multipart_timestamp,
	Acmid = {10593},
	Address = {New York, NY, USA},
	Author = {Liskov, Barbara and Ladin, Rivka},
	Booktitle = {Proceedings of the Fifth Annual ACM Symposium on Principles of Distributed Computing},
	Doi = {10.1145/10590.10593},
	Isbn = {0-89791-198-9},
	Location = {Calgary, Alberta, Canada},
	Numpages = {11},
	Pages = {29--39},
	Publisher = {ACM},
	Series = {PODC '86},
	Title = {Highly Available Distributed Services and Fault-tolerant Distributed Garbage Collection},
	Url = {http://doi.acm.org/10.1145/10590.10593},
	Year = {1986},
	Bdsk-Url-1 = {http://doi.acm.org/10.1145/10590.10593},
	Bdsk-Url-2 = {http://dx.doi.org/10.1145/10590.10593}}

@article{Causal+_ACMQ,
	Acmid = {2610533},
	Address = {New York, NY, USA},
	Articleno = {30},
	Author = {Lloyd, Wyatt and Freedman, Michael J. and Kaminsky, Michael and Andersen, David G.},
	Doi = {10.1145/2602649.2610533},
	Issn = {1542-7730},
	Issue_Date = {March 2014},
	Journal = {Queue},
	Month = mar,
	Number = {3},
	Numpages = {16},
	Pages = {30:30--30:45},
	Publisher = {ACM},
	Title = {Don'T Settle for Eventual Consistency},
	Url = {http://doi.acm.org/10.1145/2602649.2610533},
	Volume = {12},
	Year = {2014},
	Bdsk-Url-1 = {http://doi.acm.org/10.1145/2602649.2610533},
	Bdsk-Url-2 = {http://dx.doi.org/10.1145/2602649.2610533}}

@article{update,
	Author = {Matthieu Perrin and Achour Mostefaoui and Claude Jard},
	Bibsource = {dblp computer science bibliography, http://dblp.org},
	Biburl = {http://dblp.uni-trier.de/rec/bib/journals/corr/FriedmanRT14},
	Journal = {CoRR},
	Owner = {lewis},
	Timestamp = {Mon, 01 Dec 2014 14:32:13 +0100},
	Title = {Update Consistency for Wait-free Concurrent Objects},
	Url = {http://arxiv.org/abs/1411.6478},
	Volume = {abs/1501.02165},
	Year = {2015},
	Bdsk-Url-1 = {http://arxiv.org/abs/1411.6478}}

@article{state-machine,
	Acmid = {98167},
	Address = {New York, NY, USA},
	Author = {Schneider, Fred B.},
	Doi = {10.1145/98163.98167},
	Issn = {0360-0300},
	Issue_Date = {Dec. 1990},
	Journal = {ACM Comput. Surv.},
	Month = dec,
	Number = {4},
	Numpages = {21},
	Pages = {299--319},
	Publisher = {ACM},
	Title = {Implementing Fault-tolerant Services Using the State Machine Approach: A Tutorial},
	Url = {http://doi.acm.org/10.1145/98163.98167},
	Volume = {22},
	Year = {1990},
	Bdsk-Url-1 = {http://doi.acm.org/10.1145/98163.98167},
	Bdsk-Url-2 = {http://dx.doi.org/10.1145/98163.98167}}

@inproceedings{terry13sosp,
	Author = {Douglas B. Terry and Vijayan Prabhakaran and Ramakrishna Kotla and Mahesh Balakrishnan and Marcos K. Aguilera and Hussam Abu-Libdeh},
	Booktitle = {{ACM} Symposium on Operating Systems Principles},
	Title = {Consistency-based service level agreements for cloud storage},
	Year = {2013}}
